3384 5370
883 561 1037 610 tl'slnlrtl:

921 817 1005 878 Llllll

463 1081 545 1164 Quin
564 1082 659 1149 etiam
677 1079 776 1148 Rubri
798 1088 920 1148 tranant
939 1080 1035 1148 maris
1055 1099 1203 1168 aequora,
1225 1079 1306 1148 nulla
1409 1109 1417 1126 ·

463 1203 549 1288 Quas
566 1205 634 1273 rate
653 1203 792 1274 Iudaeus
811 1202 948 1292 pupulus
967 1205 1182 1272 transmiserat
1201 1203 1313 1285 undas;

463 1327 532 1397 lam
551 1337 622 1419 post
640 1337 727 1417 terga
746 1337 872 1396 manent
890 1325 1061 1396 Nabathaei
1081 1327 1218 1396 culmina
1237 1328 1361 1404 montis,

462 1451 584 1522 Nomen
603 1452 653 1520 cui
672 1451 792 1520 clarum
811 1449 897 1519 dedit
915 1450 1072 1520 ismaelita
1089 1449 1205 1541 proles.

463 1575 581 1644 littora
599 1583 800 1664 praetereunt
819 1573 969 1663 fragantia
988 1574 1081 1645 thure
1100 1572 1231 1651 Sabaeo,

462 1700 577 1769 Dilexit
597 1700 720 1789 pulchri
739 1719 819 1790 quae
838 1708 940 1769 mater
959 1699 1112 1769 Adonidis
1130 1700 1216 1778 olim,

464 1823 645 1913 Felicisque
665 1822 805 1894 Arabum
824 1833 1032 1914 peragrarunt
1051 1822 1189 1913 undique
1208 1832 1320 1902 terras,

463 1949 610 2039 Saxaque
628 1948 786 2029 Petraeae,
808 1948 1020 2038 Desertaeque
1039 1949 1108 2017 aria
1127 1947 1282 2038 linquunt.

915 2305 1003 2368 lxlv

464 2569 600 2638 Persidis
619 2569 690 2638 inde
710 2571 813 2639 sinum
833 2571 980 2652 subeunt,
1001 2570 1054 2640 uhi
1075 2570 1177 2638 littora
1197 2578 1323 2638 serrant

462 2693 558 2784 Signa
576 2693 699 2762 Bahelis
717 2693 818 2782 adhuc
837 2695 931 2764 variis
949 2693 1103 2764 discordia
1122 2693 1252 2784 linguis:

462 2819 652 2908 Euphrates
674 2828 705 2887 et
723 2819 826 2909 Tigris
843 2819 898 2888 uhi
918 2821 1091 2889 miscentur
1109 2820 1140 2888 in
1159 2839 1270 2900 unum,

461 2942 586 3034 (Clarus
603 2952 738 3033 uterque
758 2965 814 3014 sua
833 2965 866 3014 se
885 2945 977 3014 lentis
996 2946 1118 3034 origine
1133 2943 1256 3034 jactat.)

461 3067 526 3138 Nec
543 3088 643 3150 mora,
664 3055 856 3139 contendunt
875 3070 1010 3160 liquidas
1028 3071 1189 3160 inquirere
1208 3069 1358 3160 lymphas,

462 3193 550 3276 Quae
569 3196 730 3284 praeclara
750 3195 870 3264 dabunt
889 3196 1000 3264 calami
1019 3204 1203 3285 argumenta
1222 3195 1331 3274 labori,

462 3319 529 3389 ludi
549 3321 661 3400 amnis,
681 3339 790 3391 menso
809 3319 923 3389 Oceani
944 3328 1012 3388 tum
1031 3321 1156 3410 gurgite
1175 3329 1274 3399 vasto,

462 3443 540 3512 Fixa
559 3443 612 3511 ubi
630 3443 764 3532 Trojano
783 3443 949 3530 longanrm
969 3453 1016 3512 est
1034 3452 1117 3513 meta
1138 3445 1268 3512 riarum.

920 3801 997 3864 Lxl'

461 4064 609 4134 Diversus
627 4067 770 4156 populos,
793 4066 980 4157 diversaque
999 4068 1135 4144 nomina,
1156 4073 1273 4155 gentes,

461 4189 548 4258 ludia
567 4211 644 4280 quas
662 4190 795 4280 profert,
816 4191 871 4260 alit
889 4199 920 4260 et
938 4189 1115 4271 Carmania,
1136 4191 1237 4259 nutrit

462 4313 622 4393 Gedrosia,
643 4314 764 4404 ignotas
783 4316 934 4406 cultuque
953 4324 985 4385 et
1003 4313 1159 4395 moribus
1181 4335 1236 4384 ore

462 4437 651 4520 llissimiles;
672 4460 891 4531 quaecumque
910 4441 976 4510 suis
993 4440 1176 4530 regionibus
1194 4450 1276 4510 astra

462 4561 554 4630 Certa
573 4571 695 4645 notant;
716 4564 830 4634 vidisse
850 4565 969 4633 datum.
991 4565 1055 4634 Sed
1072 4565 1201 4655 utrique
1222 4565 1343 4632 viarum

461 4686 494 4754 ln
514 4687 646 4776 patriam
663 4687 800 4756 reditum
819 4689 998 4758 discrimina
1018 4690 1109 4779 longa
1128 4697 1284 4779 negarunt
1293 4711 1305 4786 :¹

461 4810 565 4880 hmbo
583 4811 680 4900 igitur
697 4811 795 4880 latum
813 4814 992 4903 peregrinis
1010 4813 1136 4884 abstulit
1155 4817 1234 4895 urls;

462 4935 581 5006 hmlms
601 4934 697 5020 ignito
716 4935 912 5006 tumularunt
931 4938 1035 5008 littore
1054 4949 1171 5027 gentes
