3440 5392
647 432 738 478 LIBER
756 432 867 480 PlllllUb¹

698 690 812 754 XLVlll
895 683 902 694 ’

254 954 365 1023 Lintea
385 960 468 1022 mota
488 960 582 1034 rates
605 962 636 1022 et
654 951 781 1021 brachia
799 952 888 1042 pulsa
901 951 1053 1042 jubebant

254 1079 385 1159 Sistere,
406 1086 437 1147 et
456 1077 578 1168 ignotas
596 1076 778 1146 venientum
797 1076 919 1147 discere
936 1097 1043 1146 voces:

254 1201 332 1271 llluc
347 1201 414 1291 jam
431 1201 515 1292 Lysii
534 1172 718 1271 eonverteie
737 1202 804 1271 vela
821 1199 972 1291 parabant

254 1326 414 1407 Protinus,
433 1335 465 1396 et
483 1326 613 1417 cupidas
631 1326 725 1396 terris
742 1324 908 1396 advertere
925 1347 1046 1416 proras.

255 1452 371 1526 Fervet
389 1471 480 1543 opus,
499 1461 674 1540 nautasque
692 1450 753 1521 ciet
772 1450 862 1521 labor
881 1451 1044 1541 improbus
1063 1471 1186 1532 omnes

254 1573 325 1644 Ceu
342 1575 424 1644 foret
441 1575 493 1645 bie
510 1575 594 1656 finis,
614 1574 780 1665 longarum
798 1583 829 1645 et
847 1583 933 1644 meta
950 1575 1092 1645 viarum:

255 1701 333 1771 Vela
351 1701 472 1792 legunt,
492 1709 627 1771 antenna
646 1701 728 1770 cadit
747 1700 892 1771 sublimis
910 1701 949 1771 ab
969 1702 1046 1783 alto;

256 1824 402 1896 Aucbora
420 1826 497 1895 dum
513 1824 637 1915 iacitur,
658 1825 755 1895 lrmdo
774 1846 861 1896 mare
879 1825 1004 1896 subsilit
1023 1827 1098 1897 imo.

705 2185 795 2248 XLIX

255 2447 315 2516 Vin
333 2457 461 2539 portum
479 2449 658 2540 attigerant,
679 2469 752 2518 oum
770 2448 905 2519 barbara
922 2448 1016 2519 turba
1034 2449 1172 2519 tumultu

253 2572 377 2652 Excita,
396 2591 453 2663 per
471 2571 561 2643 funes
579 2571 713 2664 genibus
732 2573 865 2642 connixa
883 2572 1020 2656 subibat,

254 2695 318 2766 Ore
336 2696 455 2776 hilaris,
475 2696 608 2786 laetique
626 2705 738 2779 ruunt;
759 2717 838 2788 quos
855 2696 989 2767 naribus
1007 2717 1117 2768 omnes

253 2820 473 2912 Magnanimos
490 2821 609 2892 Ductor
627 2821 718 2890 vultu
736 2819 910 2910 excipiebat
929 2821 1041 2890 amico.

253 2946 386 3019 bisterni
405 2946 510 3017 subito
528 2948 627 3018 lautas
641 2946 733 3036 jubet
751 2947 862 3017 ordine
880 2967 1020 3029 mensas;

253 3072 425 3143 lulundunt
443 3073 514 3143 illos
532 3074 564 3142 in
583 3074 682 3144 vitrea
700 3094 775 3143 uasa
793 3073 944 3164 liquores

252 3197 340 3280 Quos
358 3197 451 3267 Pater
468 3197 605 3268 ostendit
623 3198 758 3288 plantata
775 3198 839 3268 vite
857 3198 990 3286 Lyaeus,

252 3319 318 3390 Nec
336 3320 567 3392 Phaethonteae
585 3321 733 3391 damnant
752 3340 789 3392 ea
807 3322 918 3412 poeula
937 3331 1056 3412 gentes

737 3683 760 3742 L

251 3943 337 4012 llum
355 3943 472 4014 hilares
489 3943 671 4025 comedunt,
691 3943 834 4014 Arabum
852 3964 998 4015 sermone
1017 3947 1195 4034 requirunt,

250 4068 345 4140 Unde
364 4067 480 4138 domo?
498 4069 624 4138 Patria?
640 4069 703 4154 Qui
721 4070 806 4140 siut?
825 4071 896 4155 Quo
914 4070 1068 4160 sanguine
1083 4072 1188 4141 oreti?

249 4193 338 4276 Quos
355 4192 471 4264 adeunt
489 4193 599 4285 pelago
619 4193 761 4283 populos,
782 4213 862 4285 quae
881 4193 972 4264 litora
990 4197 1162 4284 quaerant?

250 4318 337 4401 Quae
356 4317 456 4386 maria
474 4317 606 4398 emensi,
626 4338 705 4408 quae
724 4318 836 4407 sydera
853 4328 937 4389 certa
955 4319 1114 4389 notarint‘l

249 4441 348 4526 Queis
366 4442 462 4512 sortes
479 4443 564 4534 Lysii
582 4461 731 4532 responsa
748 4442 929 4533 petentibus
947 4453 1018 4514 aute

248 4566 333 4637 Soita
351 4566 478 4647 dabant,
500 4587 641 4657 quaeque
659 4575 690 4638 et
708 4567 789 4636 rotis
807 4567 1018 4658 precibusque
1037 4578 1203 4660 rogantum

247 4691 465 4762 Conveniunt:
486 4691 605 4763 Sunurs
622 4691 760 4764 Occiduo
778 4691 817 4762 de
836 4692 940 4762 littore
958 4695 1045 4775 Lusi,

247 4817 440 4914 Quaerimus
459 4817 594 4892 illustres
612 4817 679 4889 Eoo
698 4818 807 4910 sydere
826 4826 953 4894 tractus,
