3440 5392
907 380 1061 428 LUSlADAE

964 638 1003 701 tx

489 900 531 972 At
548 908 712 992 postquam
730 901 809 993 Regi
826 899 970 1000 mandata
988 908 1020 971 et
1037 899 1118 972 dona
1136 902 1288 984 tulerunt,

489 1025 575 1109 Quae
594 1024 721 1096 dederat
738 1025 862 1107 ductor,
881 1025 942 1095 late
961 1033 1026 1097 tota
1042 1025 1125 1097 urbe
1144 1028 1250 1118 vagari

489 1148 667 1240 Coeperunt
685 1157 816 1220 attente:
838 1157 869 1220 at
886 1171 948 1220 non
967 1151 1100 1222 lustrare
1118 1152 1230 1222 licebat

489 1276 600 1346 Omnia
619 1295 699 1366 quae
716 1275 844 1357 vellent,
863 1297 936 1346 narn
954 1297 1085 1348 cernere
1103 1277 1193 1368 plura
1210 1276 1365 1368 negabant

487 1398 592 1470 llstuti
610 1400 794 1470 Maurorum
814 1401 921 1481 animi,
943 1400 1045 1472 celare
1064 1403 1168 1492 periti,

488 1524 576 1609 Quae
594 1524 694 1614 magis
712 1523 861 1614 optabant
879 1523 993 1614 cupide
1013 1539 1203 1615 cognoscere
1222 1525 1308 1594 Lusi.

487 1649 632 1739 Namque
649 1647 702 1718 ubi
722 1649 807 1718 lraus
824 1648 953 1730 habitat,
973 1652 1078 1720 socius
1095 1651 1189 1720 timor
1207 1649 1319 1720 insidet
1325 1673 1334 1732 ;
1354 1649 1405 1720 ille

488 1772 550 1856 Qui
567 1773 671 1854 struit,
691 1793 759 1844 esso
777 1772 865 1843 dolos
882 1773 983 1844 alieno
1001 1774 1034 1842 in
1052 1781 1178 1863 pectore
1197 1774 1308 1844 credit.

969 2133 997 2196 11

487 2394 543 2465 1110
561 2403 678 2476 tamen,
699 2397 750 2465 cui
768 2404 940 2486 perpetuae
958 2397 1015 2467 llos
1033 2417 1089 2468 ore
1104 2398 1253 2488 juventae

488 2520 602 2590 Laetus
619 2523 711 2602 inest,
731 2521 847 2611 duplex
864 2525 987 2614 peperit
1004 2543 1101 2614 quern
1118 2533 1230 2604 mater,
1250 2532 1281 2594 et
1300 2533 1386 2595 astus

488 2645 573 2715 illius
591 2655 701 2716 auctor
719 2654 796 2727 erat,
817 2647 928 2737 pelago
947 2668 1010 2738 quo
1028 2656 1122 2718 nauta
1142 2650 1261 2738 periret

488 2769 599 2851 Lisius,
620 2769 701 2840 urbe
719 2770 849 2840 domurn
868 2792 988 2842 sacrarn
1007 2772 1066 2842 sibi
1084 2772 1215 2862 legerat,
1236 2774 1333 2843 instar

487 2893 573 2964 Ciris
590 2895 645 2966 ubi
664 2896 818 2966 humanos
836 2896 962 2967 babitus
979 2898 1129 2968 mentitus
1147 2908 1178 2968 et
1196 2919 1262 2979 ora,

487 3019 634 3109 Degeret
654 3021 828 3090 assimilans
847 3042 1025 3112 moresque,
1046 3031 1076 3093 et
1094 3031 1181 3112 gesta
1198 3023 1301 3093 fidelis

487 3143 688 3227 Christiadae,
708 3150 834 3238 rituque
852 3149 904 3237 pio
922 3155 1096 3217 sacraverat
1113 3169 1183 3218 aras

487 3269 661 3350 Solemues,
680 3271 736 3340 ubi
754 3272 847 3342 thura
866 3271 970 3352 dabat,
989 3271 1177 3363 Numenque
1196 3272 1329 3344 colebat.

962 3629 1003 3694 xl

486 3890 552 3961 lllic
571 3891 721 3973 aetherei,
743 3893 813 3963 rivo
832 3892 955 3984 depicta
975 3893 1093 3977 colore,

486 4015 637 4086 Flaminis
655 4015 775 4108 elligics
794 4018 922 4088 coelesti
944 4039 983 4088 ox
1001 4039 1073 4090 arce
1092 4019 1236 4100 volantis,

484 4139 605 4210 Visitur
623 4142 654 4210 in
673 4142 811 4233 speciem
827 4143 935 4214 niveae
952 4145 1083 4214 lormata
1100 4143 1274 4226 columbae,
1395 4175 1398 4182 ’

485 4266 554 4350 Qua
572 4267 837 4357 superumbratur
856 4270 993 4359 phoenix
1006 4270 1105 4360 Virgo
1124 4273 1215 4340 unica
1235 4271 1325 4341 coelo

485 4392 613 4475 Purior;
634 4392 795 4463 adstabant
814 4397 931 4484 pariter
949 4396 1094 4466 duodena
1113 4417 1248 4467 coronae

485 4516 618 4586 Lurnina
638 4517 839 4608 apostolicae;
860 4528 969 4610 stupor
988 4521 1098 4591 anxius
1116 4529 1249 4611 occupat
1267 4543 1337 4604 ora;

485 4639 553 4710 Ceu
572 4661 651 4731 quos
669 4643 775 4732 ignitis
793 4642 935 4714 alllalrunt
953 4643 1056 4714 sidera
1074 4644 1204 4734 linguis;
1291 4631 1295 4644 ’

484 4763 579 4835 Unde
598 4764 705 4835 datum
725 4767 826 4836 uarias
844 4787 1028 4858 expromere
1046 4777 1175 4858 pectore
1193 4789 1299 4839 voces,
