3384 5372
597 514 686 562 urana
707 513 808 563 nouus

647 770 762 833 lxxmt

207 1033 248 1102 Et
261 1033 338 1123 jam,
359 1032 490 1122 pulchra
511 1031 635 1114 cohors
657 1031 805 1102 concordi
822 1031 951 1100 foedere
969 1031 1131 1122 Nymphae

207 1157 377 1247 Excipiunt
394 1165 516 1238 nautas,
536 1176 693 1246 propensa
711 1164 817 1225 mente
835 1156 1020 1244 leventque:

208 1279 330 1350 Omant
348 1263 476 1350 illorum
494 1280 636 1350 victricia
655 1290 799 1369 tempora
817 1281 921 1361 sertis

208 1403 295 1488 Quae
312 1403 431 1484 laurus
452 1403 651 1495 mixtumque
668 1403 743 1493 ligat
762 1423 835 1472 cum
853 1402 986 1473 lloribus
1003 1423 1128 1474 aarum.

206 1527 280 1598 blor
298 1527 416 1606 niveas,
437 1525 476 1596 dc
494 1546 595 1607 more,
616 1547 730 1596 manus
747 1527 780 1594 in
799 1526 924 1596 foedera
939 1529 1077 1618 jungunt

207 1652 414 1740 Sponsarum,
434 1651 596 1741 solitisque
616 1651 724 1721 ineunt
742 1648 899 1721 connubia
917 1650 1040 1732 verbis;

208 1773 314 1866 litque
333 1784 461 1847 aeterna
479 1776 539 1846 sibi
558 1775 713 1867 spondent
731 1776 887 1846 consortia
906 1777 988 1856 lecti,
1086 1849 1087 1854 ,

209 1900 370 1971 lucundae
388 1903 508 1993 pariter
527 1902 654 1972 lruituri
673 1901 785 1992 gaudia
804 1903 896 1971 vitae.

638 2259 772 2322 LXXXV

209 2523 279 2594 Una
300 2532 405 2592 tamen
424 2522 562 2614 reliquas
581 2523 674 2603 inter,
696 2522 760 2592 Dea
779 2523 926 2604 maxima,
946 2524 1051 2594 subdit

208 2645 267 2715 Cui
286 2665 320 2715 se
339 2654 403 2715 tota
421 2645 534 2716 cohors
552 2644 781 2735 Nympharum,
803 2655 834 2715 et
850 2647 938 2736 jussa
956 2648 1088 2738 capessit
1095 2671 1103 2729 ;

209 2751 312 2855 Quam
330 2770 497 2861 perhibent
516 2769 623 2852 Coelo,
640 2771 795 2862 Vestaque
813 2771 996 2862 parentibus
1014 2782 1126 2852 ortam,

209 2881 314 2987 ldque¹
327 2895 423 2966 decus
440 2897 575 2987 pulchro
594 2905 727 2966 testatur
745 2897 778 2965 in
797 2917 851 2967 ore
870 2905 1050 2979 venustum,

209 3019 251 3089 Et
270 3041 364 3110 quam
382 3019 539 3089 mirantur
557 3029 673 3100 terrae,
696 3020 863 3110 campique
882 3021 1051 3112 liquentes,

209 3144 384 3233 Egregium
401 3145 518 3214 virtute
537 3143 663 3224 ducem,
682 3143 866 3234 meritisque
884 3143 1049 3226 decorum,

211 3267 351 3356 Regilico
371 3268 490 3357 accepit
509 3267 595 3347 luxu,
616 3267 760 3358 lastuque
778 3266 926 3358 superbo,

210 3391 387 3462 Sublimem
405 3402 565 3464 ostentans
584 3413 663 3473 sese,
685 3392 910 3484 dominamque
928 3404 1101 3484 potentem.

638 3749 782 3813 LXXXVl

148 4044 150 4051 v
210 4011 289 4084 Esse
308 4011 400 4082 deam
419 4011 538 4082 Gamae
556 4020 721 4103 postquam
741 4031 774 4080 se
793 4011 925 4091 dixerat,
946 4012 1035 4081 illum

211 4137 402 4229 Alloquitur,
423 4139 585 4228 gratisque
603 4157 720 4209 ornans
739 4137 866 4236 exordia
884 4136 1001 4218 verbis,
1029 4161 1030 4166 ¹

211 4261 296 4332 Dicit
314 4282 360 4345 se,
381 4263 495 4331 laetam
513 4262 640 4353 latoque
655 4261 798 4352 jubente,
819 4264 938 4343 venire,

211 4385 358 4457 Caerulei
376 4386 480 4477 pelagi
492 4387 647 4477 nymphis
664 4385 898 4466 comitantibus,
919 4386 1004 4467 illuc,

212 4511 330 4582 Omnes
348 4520 385 4581 ut
403 4519 535 4594 tractus
556 4513 661 4582 varios
679 4511 830 4604 orbisque
849 4532 1004 4595 recessus,
1024 4589 1029 4604 ,

211 4635 252 4705 Et
270 4637 367 4706 maris
387 4635 470 4706 haud
488 4636 561 4706 ullis
580 4636 691 4707 sulcati
710 4636 860 4706 classibus
877 4657 1029 4728 unquam,

211 4758 335 4830 Arcana
354 4761 507 4841 ostendat,
529 4761 655 4832 coelesti
674 4781 806 4832 munere
824 4761 926 4842 docta,
1005 4796 1012 4804 ·

213 4885 364 4955 Lusiades
383 4885 441 4954 soli
459 4905 540 4976 quae
560 4894 633 4955 sunt
651 4905 841 4974 cognoscere
860 4885 956 4976 digni.
