3394 5372
579 489 669 536 urana
688 489 821 546 qurnrus

664 743 738 807 XLII
788 805 790 810 ,

204 1009 245 1079 EI
264 1009 414 1102 quoniam
432 1027 583 1099 properas
602 1016 732 1078 naturae
750 1027 861 1078 arcana
880 1009 1018 1098 petentis

204 1133 357 1214 Scrutari
376 1141 408 1202 et
425 1132 526 1202 fidens
545 1133 682 1222 vestigas
701 1131 805 1201 abdita
825 1133 922 1223 ponti,

205 1257 293 1341 Quae
311 1256 388 1326 nulli
406 1256 452 1326 Ias
472 1264 521 1326 est
540 1256 663 1326 mortali
682 1275 812 1326 noscere
830 1276 976 1346 prorsus,

204 1379 340 1450 Sublimi
359 1380 513 1469 quamvis
533 1387 565 1450 et
583 1380 724 1470 praemia
742 1400 856 1470 magne
875 1381 1028 1462 merenti;

205 1503 289 1574 Iudi
307 1505 367 1574 fata
386 1504 577 1594 parentiam
597 1524 678 1594 quae
696 1504 880 1574 diScrimIna
899 1503 1000 1586 nobie,

204 1627 246 1697 Et
262 1628 387 1708 meritc,
407 1628 528 1717 coeptis
547 1645 606 1718 pro
625 1628 751 1708 talibus,
772 1647 908 1717 aequore
927 1635 994 1697 tute

206 1753 309 1837 Quam
325 1759 411 1842 patet
428 1752 629 1832 immensum,
648 1752 769 1841 pariter
787 1752 901 1822 tellure
919 1759 1049 1830 remota,

206 1874 264 1944 Cui
284 1884 318 1947 Iu
335 1876 406 1967 jura
425 1874 523 1956 dabis,
542 1876 643 1945 multo
660 1886 766 1945 tamen
784 1883 889 1966 empta
909 1896 1032 1945 cruere.

661 2235 747 2296 XLIII

205 2498 240 2568 Id
258 2507 289 2568 te
308 2499 392 2568 scire
411 2499 499 2568 vele:
520 2499 746 2590 Quaecumque
764 2497 843 2568 haec
862 2517 999 2587 nequma
1018 2518 1114 2566 naves

205 2623 293 2708 Quae
311 2631 346 2692 tu
365 2642 448 2693 nnnc
466 2623 583 2704 sulcas
603 2623 713 2692 audaci
733 2622 877 2691 scindere
896 2629 1000 2692 rostro
1077 2681 1080 2689 .

204 2747 393 2829 Temenum,
412 2747 536 2817 inimica
555 2747 615 2817 sibi
633 2766 703 2816 mea
722 2747 826 2816 littera
846 2766 973 2837 semper

203 2871 377 2953 Invenient,
396 2872 500 2942 saevis
518 2872 631 2953 ventis,
651 2871 791 2962 atrisque
809 2871 974 2961 procedis;

204 2996 246 3065 Et
264 3016 345 3086 quae
362 2996 464 3086 prima
483 2996 561 3064 ratis
579 3003 705 3064 nostras
723 2995 939 3086 penetraverit
955 2997 1067 3068 undas.

203 3119 351 3189 Protinus
370 3120 421 3190 iIIe
440 3118 527 3189 dabit
545 3119 676 3189 meritas
694 3119 727 3188 in
746 3120 872 3210 gurgite
891 3138 1019 3211 poenas,

205 3243 406 3314 Horrendam
423 3251 455 3312 et
474 3243 526 3314 tali
545 3243 682 3333 patietur
700 3242 787 3313 clade
805 3243 986 3333 procellam,

203 3367 249 3438 Ut
268 3375 420 3456 superent
435 3367 540 3457 justes
559 3367 696 3457 ingentIa
716 3368 829 3436 damna
848 3368 989 3436 IImnres.

653 3725 741 3787 xLIv

204 3988 264 4058 Hir
281 3987 358 4056 mihi
375 3985 486 4078 (credo
505 3986 647 4079 quidem)
666 4009 736 4058 mea
756 3987 808 4077 qui
827 3988 915 4077 prior
933 4006 988 4056 ora
1008 3988 1121 4056 retexit

203 4113 331 4194 Abdita,
351 4111 496 4182 crudeles
516 4110 603 4181 dabit
620 4111 680 4182 hoc
698 4132 757 4200 pre
775 4111 908 4182 crimine
926 4130 1059 4200 poenas:

203 4237 268 4307 Nec
284 4257 361 4307 vero
378 4237 431 4307 hic
448 4236 520 4306 finis
538 4235 654 4318 damni,
674 4236 839 4326 requiesve
857 4234 1025 4314 maiorum,

202 4359 269 4431 Nec
288 4361 333 4431 sic
351 4361 417 4430 uita
437 4361 514 4429 satis
533 4359 628 4430 fuerit
645 4358 761 4429 fiducia
781 4359 916 4428 Lusum:

203 4484 263 4554 Tot
281 4484 399 4554 classes
418 4494 542 4554 vestrae
560 4485 718 4575 patientur
737 4483 805 4553 dira
825 4482 992 4573 quotannis

204 4607 251 4698 (Si
269 4627 339 4677 mea
358 4628 448 4677 mens
465 4627 540 4678 vere
560 4608 697 4677 Ieterum
714 4607 839 4678 oracula
860 4605 967 4697 seivit)

203 4732 381 4823 Naufragia,
402 4753 577 4814 aerumnas,
598 4732 670 4802 duri
689 4753 790 4822 genus
809 4752 900 4802 omne
919 4732 1040 4822 pendi,

204 4857 290 4927 Mers
310 4858 387 4930 adeo
405 4867 441 4930 ut
460 4858 536 4928 tanti
556 4859 597 4928 sit
614 4879 687 4948 pars
707 4857 892 4927 mollissima
913 4858 1028 4926 damni.

275 4985 299 5027 Ie
