3384 5370
591 470 680 516 nrunn
700 471 829 516 'narnis

629 717 795 780 cxxxviii

213 983 354 1054 Nascitur
373 983 501 1052 e'Petro
516 983 602 1073 justo
622 983 786 1072 rigidoque
805 982 954 1052 remissus

212 1108 300 1198 (Tam
318 1107 376 1178 sibi
395 1107 542 1196 degeneri
561 1116 671 1176 natura
690 1108 860 1196 incongrua
879 1107 1008 1198 partui)

212 1231 431 1322 Curarumque
450 1251 562 1322 expers
581 1230 666 1310 beili,
687 1229 880 1310 Fornandus‚
901 1238 932 1298 et
951 1233 1047 1310 iners,

211 1356 382 1425 Lusiadum
401 1375 463 1446 quo
482 1375 557 1444 rege
576 1356 661 1424 salus
679 1355 779 1424 rieina
798 1354 913 1444 perido

211 1479 330 1559 Extitit,
351 1489 487 1550 armatas
505 1499 577 1549 nam
596 1479 672 1549 dum
691 1479 822 1549 Castalia
842 1479 1010 1570 phalanges

211 1604 490 1695 ImmittitLysiae,
511 1613 695 1694 vastantque
714 1604 853 1673 incendia
872 1623 998 1694 campos

211 1729 331 1808 Martia,
352 1729 521 1798 Lusiadum
539 1749 637 1819 prope
656 1749 708 1798 ros
725 1729 864 1819 periere;
887 1729 1017 1798 remisso

210 1855 285 1924 Tam
304 1854 362 1924 sub
383 1874 455 1944 rege
475 1856 592 1924 animos
611 1856 763 1924 mavortia
782 1854 876 1924 rorda
895 1855 1066 1924 remittimt.

634 2214 774 2275 cxxxix

207 2479 300 2548 Forte
319 2477 404 2547 dedit
423 2497 538 2568 poenas
556 2476 709 2546 manifesti
729 2477 877 2557 oriminis,
898 2497 978 2546 uxor

207 2603 287 2673 Cum
305 2604 448 2672 Leonora
466 2603 514 2672 sui
533 2603 697 2692 eompiexu
716 2610 762 2670 est
781 2611 867 2691 rapta
887 2603 1002 2682 mariti,

206 2728 423 2818 Ternandique
442 2726 567 2798 induota
586 2727 694 2806 thoris,
716 2725 767 2796 nui
786 2725 853 2797 dira
872 2725 969 2796 iibido

205 2852 331 2943 Eripuit
348 2860 497 2932 mentem,
517 2859 547 2920 et
566 2851 695 2941 pulchra
715 2849 774 2920 sub
793 2851 925 2941 imagine
943 2852 1033 2921 lusit:

207 2976 321 3046 Forsan
341 2985 371 3045 et
391 2976 422 3044 in
441 2975 550 3044 molles
568 2976 693 3044 flamma
712 2974 864 3044 insinuata
882 2974 1034 3044 medullas

206 3099 267 3170 Cor
285 3100 423 3190 depasta,
439 3069 518 3190 jugo
536 3100 606 3169 vilis
624 3099 757 3189 subjecit
774 3099 901 3179 amoris,

207 3225 297 3296 Unde
315 3224 406 3313 vigor
425 3223 547 3305 eeeidit,
567 3225 730 3314 tenuitque
749 3223 870 3313 ignavia
888 3231 1038 3302 mentem,

207 3323 356 3437 Namque
368 3347 513 3437 indignus
531 3367 619 3416 amor
637 3347 756 3418 ualidos
774 3355 915 3417 exarmat
935 3356 1083 3418 amantes.

662 3707 734 3769 CXL

205 3941 309 4044 De'iuit
328 3972 411 4042 haud
429 3993 567 4063 unquam
585 3973 696 4041 seeleri
715 3993 769 4042 sua
789 3993 902 4061 poena:
923 3971 1060 4041 Tonante

205 4098 324 4178 tunice,
345 4099 532 4189 supplicium
550 4099 693 4188 sequitur
711 4099 841 4188 vestigia
860 4107 995 4166 sontum.

204 4224 358 4313 Raptores
376 4222 514 4292 Helenae
533 4222 643 4292 Troiae
662 4221 848 4292 documenta
866 4223 1032 4304 dederunt,

204 4346 456 4438 Tarquiniusque
474 4347 560 4416 dedit
579 4347 708 4428 Romae,
728 4347 813 4416 dedit
830 4346 951 4437 Appius
968 4347 1051 4417 urhi.

204 4473 287 4555 Quid
305 4471 458 4542 Davidem
476 4470 593 4542 addixit
612 4474 721 4562 poeuis
739 4472 798 4541 nisi
816 4472 933 4541 orimen
952 4471 1097 4541 acerbis?

204 4597 337 4668 Nomine
356 4617 417 4666 non
437 4597 496 4668 aiio
514 4599 609 4688 stirps
626 4597 850 4687 Beniamintiea
868 4597 967 4665 sensit

206 4721 351 4792 Vicinum
370 4721 540 4792 enoidium:
562 4722 624 4792 duo
642 4742 699 4791 nos
717 4721 859 4811 exempla
876 4719 1058 4800 monebunt,
1166 4719 1175 4732 '

204 4846 354 4917 Inradens
374 4847 493 4915 Pharao
514 4847 637 4926 Sarum,
658 4847 833 4935 [tinamquo
852 4844 1026 4914 Sioiremus.
