3394 5372
961 457 1114 506 tustanus:

996 716 1081 780 XClll

540 981 674 1071 Magnus
691 977 869 1050 Alexander
901 999 981 1070 quae
1000 977 1084 1049 bello
1103 980 1198 1070 gessit
1215 979 1364 1060 Achilles,

540 1103 652 1194 Magna
669 1103 753 1185 licet,
774 1104 894 1184 solitus,
915 1103 1068 1173 mavortia
1086 1103 1176 1183 lacta,
1195 1104 1329 1174 minoris
1433 1130 1436 1138 ·

467 1291 468 1296 ,
539 1227 692 1310 Pendere,
708 1205 808 1318 'quam
826 1227 911 1298 dulci
930 1227 1106 1297 modulatas
1125 1227 1265 1298 carmine
1284 1227 1393 1298 laudes

540 1353 676 1422 Gutture
694 1353 850 1434 Maeonio,
871 1373 949 1443 quas
966 1353 1072 1442 magni
1091 1351 1200 1443 pendit
1220 1361 1251 1421 et
1269 1363 1367 1442 optat.

540 1478 647 1547 Gloria
665 1478 825 1558 Miltiadis,
844 1479 944 1570 partis
962 1478 1118 1548 cumulata
1136 1478 1284 1568 tropaeis,

539 1601 651 1691 lllagna
669 1601 844 1682 Neoclides,
864 1601 945 1672 lama
964 1601 1154 1684 stimulante,
1175 1601 1314 1692 peregit:

539 1725 666 1795 Scilicet
686 1725 737 1796 ille
754 1725 815 1795 sibi
833 1725 878 1794 nil
898 1728 1018 1817 gratius
1036 1746 1105 1796 esse
1125 1727 1240 1797 latetur

539 1849 640 1934 Quam
660 1869 719 1920 ror
740 1871 819 1940 quae
838 1850 977 1920 celebret
996 1871 1075 1941 quae
1095 1852 1209 1922 lecerat
1228 1852 1362 1943 impiger
1381 1852 1457 1941 ipse.

991 2210 1079 2273 xoll'

538 2473 597 2542 Tot
615 2493 723 2541 rerum
742 2473 895 2563 exemplis
913 2473 1077 2543 ostendere
1097 2476 1194 2542 (lama
1215 2474 1333 2544 luliorat

539 2597 626 2682 Quos
643 2597 720 2668 alios
738 2617 850 2668 cursus
867 2598 990 2689 pelage,
1010 2608 1041 2668 et
1059 2599 1243 2669 discrimina
1262 2619 1355 2670 saevo

538 2721 701 2792 Exantlata
720 2723 799 2792 mari
818 2721 987 2793 celebrarit
1007 2722 1099 2805 lama,
1119 2723 1240 2794 minora

538 2847 616 2916 Esse
634 2848 712 2928 suis,
731 2847 854 2917 coelum
873 2867 954 2938 quae
969 2848 1035 2938 iam
1053 2848 1188 2917 miratur
1207 2857 1238 2917 ct
1256 2848 1358 2931 orbis;

539 2970 573 3040 ld
591 2969 701 3050 iateor,
722 2971 839 3040 llomae
857 2971 911 3041 sed
931 2973 985 3060 qui
1004 2971 1067 3040 dux
1083 2972 1219 3062 inclytus
1237 2972 1289 3041 ille

537 3093 715 3164 Innumeris
733 3094 872 3164 cumulat
891 3093 992 3176 donis,
1012 3095 1179 3165 ethonore
1197 3096 1367 3176 Maronem,

538 3217 644 3288 Efficit
663 3228 698 3288 ut
717 3229 841 3288 resonet
860 3219 936 3310 lyra,
958 3241 1018 3310 qua
1037 3240 1070 3290 se
1087 3220 1214 3291 Mantua
1229 3221 1336 3311 jactat,

539 3340 664 3412 Aeneae
683 3341 779 3432 fulget
798 3362 859 3433 qua
876 3345 958 3413 mire
976 3352 1007 3413 et
1027 3345 1126 3434 gloria
1144 3343 1271 3415 llomae.

998 3701 1074 3764 XCV

538 3966 627 4058 Lysia
645 3964 806 4055 Scipiadas
823 3963 916 4034 tellus
933 3963 1026 4053 parit,
1047 3961 1112 4032 edit
1130 3961 1224 4044 lulos,

539 4092 647 4182 Gignit
664 4087 869 4170 Alexandros
889 4086 1049 4178 nugusos
1066 4087 1184 4177 promit
1203 4087 1236 4155 in
1254 4107 1360 4170 auras3

539 4215 597 4286 Ast
614 4217 676 4286 illis
694 4235 730 4286 aa
749 4214 830 4285 dona
848 4222 952 4304 negat,
974 4233 1053 4304 quae
1071 4213 1178 4283 mollia
1197 4213 1333 4282 reddunt

539 4341 681 4422 Pectora,
700 4359 780 4410 neve
799 4342 906 4409 sinunt
923 4337 1014 4408 bellis
1033 4337 1199 4408 durescere
1217 4346 1351 4408 mentes.
1390 4325 1398 4332 ’

538 4466 711 4557 Implicitus
728 4465 813 4535 curis
831 4464 991 4544 Octavius,
1010 4463 1094 4532 inter
1112 4471 1143 4532 et
1161 4483 1260 4544 arma,

538 4590 686 4661 Traditur
702 4588 785 4659 haud
804 4609 876 4658 raro
895 4607 1008 4657 versus
1025 4587 1135 4658 iecisse
1152 4596 1317 4669 venustem

538 4717 648 4786 Fulvia
666 4717 754 4786 testis
772 4715 844 4796 erit,
864 4713 990 4805 quoties
1008 4711 1165 4782 Antonius
1183 4713 1271 4784 illam

538 4839 721 4930 Linquebat,
741 4839 918 4929 Glaphyrae
937 4838 1045 4909 doctae
1063 4845 1226 4928 correptus
1245 4857 1364 4907 amore.
