3440 5392
915 453 1068 502 tustanus:

965 711 1019 774 XV

499 974 561 1058 Qui
579 975 667 1043 missi
688 973 829 1044 releruut
848 983 966 1044 sacrata
984 973 1092 1044 altaria
1112 975 1217 1054 terrie,

499 1099 604 1189 Atque
624 1099 822 1168 sacerdotem
840 1107 983 1168 sanctum
1001 1099 1198 1188 adspexisse;
1218 1106 1363 1189 receptas

499 1224 643 1314 Hospitio
661 1223 785 1293 dulcem
805 1245 862 1314 per
880 1223 1024 1292 membra
1043 1221 1169 1292 dedisse
1188 1243 1346 1312 superem,

500 1347 584 1416 Dum
602 1368 664 1418 uox
682 1347 817 1418 obscuro
837 1348 961 1417 coelum
980 1347 1135 1416 velamine
1154 1348 1242 1414 texit.

499 1472 565 1542 Nec
584 1491 653 1540 sese
673 1471 704 1540 iu
722 1471 822 1560 Rege,
842 1491 878 1540 ac
897 1471 1013 1560 papula
1032 1470 1091 1538 uisi
1110 1479 1195 1538 certa
1213 1477 1337 1553 notasse

500 1597 597 1685 Signa
616 1595 796 1685 voluptatis
817 1605 881 1666 tam
900 1597 987 1665 vivae
1006 1595 1136 1685 pignera
1155 1595 1310 1676 flammae,

501 1721 545 1790 Ut
564 1719 641 1788 nihil
660 1719 813 1791 occultire
832 1720 907 1800 deli,
928 1719 1084 1789 fraudisve
1104 1715 1229 1788 latentis

501 1844 611 1914 Posset
630 1845 733 1914 inesse
752 1845 876 1924 animis
897 1846 987 1935 queis
1006 1851 1111 1914 lautus
1130 1843 1307 1913 inhaeserat
1327 1844 1417 1934 iguis.

960 2202 1026 2265 xvl

502 2443 588 2556 Ergd
608 2465 726 2534 alacres
744 2466 849 2534 navim
868 2465 1041 2535 subeuntes
1059 2466 1183 2556 agmine
1202 2466 1328 2536 llaurcs

502 2590 635 2660 lllustris
654 2590 743 2660 vultu
762 2589 861 2659 Gema
880 2589 1055 2679 excipiebat
1074 2591 1189 2660 amico:

501 2717 659 2786 Nimirum
678 2715 754 2784 solet
773 2715 909 2794 iudiciis,
931 2736 1011 2804 quae
1030 2725 1116 2784 certa
1136 2715 1293 2796 rideatur,

502 2840 638 2911 Credula
656 2861 747 2910 meus
765 2840 917 2910 adhibere
936 2839 1047 2909 fidem:
1064 2839 1130 2928 jam
1148 2841 1267 2930 perlida
1285 2841 1385 2931 replet

502 2967 606 3036 Turba
623 2974 738 3048 ratem3
759 2967 848 3036 vacui
866 2965 1001 3034 tundunt
1018 2965 1116 3034 latera
1132 2965 1230 3034 ardua
1245 2965 1367 3048 lintres,

502 3088 599 3173 Queis
615 3090 695 3159 vecti
714 3089 838 3160 fueraut
855 3089 984 3170 hilares,
1004 3097 1037 3157 et
1054 3089 1165 3178 gaudia
1184 3090 1306 3180 pulsant

502 3214 647 3294 Pectora3
668 3233 741 3282 uam
759 3214 909 3304 praedam
928 3221 1033 3302 sperat
1052 3211 1112 3281 sibi
1131 3214 1267 3302 quisque
1285 3213 1407 3283 laturas

502 3335 661 3419 Lusiadas,
682 3338 878 3427 cupiuntque
898 3337 994 3406 armis
1012 3336 1187 3426 opibusque
1206 3337 1313 3426 patiri.

958 3693 1035 3758 XVII

501 3958 585 4042 Quia
603 3958 697 4028 etiam
714 3957 746 4026 in
765 3966 859 4046 portu
877 3957 969 4026 tacite
989 3977 1086 4047 genus
1104 3979 1197 4028 omne
1217 3964 1361 4048 pararant

501 4083 662 4162 Telorum,
682 4073 911 4170 horredtesque
928 4082 1043 4162 hastae,
1065 4090 1096 4150 et
1114 4083 1254 4172 pulveris
1272 4083 1361 4172 ignes

501 4207 686 4297 Sulphurei;
708 4207 733 4275 si
752 4206 831 4276 lerte
851 4216 934 4278 rates
952 4208 982 4276 iu
1002 4207 1130 4278 llumiua
1149 4217 1277 4278 cernant

500 4331 562 4410 Ire,
582 4352 645 4399 una
664 4339 803 4400 statuuat
822 4333 1043 4413 coascendere,
1062 4343 1093 4402 et
1111 4333 1250 4423 undique
1268 4332 1361 4402 turha

501 4454 650 4543 Cingere
673 4475 733 4544 qua
752 4453 852 4525 Lasos
870 4477 904 4525 se
923 4457 1096 4546 proditioue
1114 4465 1221 4526 tenere

500 4578 595 4648 Posse
615 4588 735 4669 putant,
755 4601 795 4650 ue
815 4602 876 4671 qua
895 4591 1005 4672 pertus
1024 4583 1159 4652 evadere
1178 4583 1271 4653 detur

500 4702 652 4784 lucautis;
674 4704 801 4775 meritas
819 4705 957 4795 peudaut
976 4714 1011 4775 ut
1028 4706 1167 4775 criminis
1185 4726 1294 4777 omues

500 4827 591 4913 Quod
609 4827 819 4921 Mezambiqui
837 4835 1001 4920 patramut
1019 4830 1122 4901 littore
1140 4851 1267 4920 paenas.
