3394 5372
577 525 668 572 LIBER
688 525 837 574 SEPTIMUS
954 557 959 566 ·

682 784 731 844 ΧΗ

209 1043 295 1112 Haec
315 1042 426 1113 studiis
445 1043 569 1113 inventa
588 1062 697 1114 recens
715 1044 880 1115 furialibus
898 1045 982 1116 aeris

209 1166 418 1252 Instrumenta
437 1167 515 1247 cavi,
537 1167 734 1259 secundaque
752 1169 918 1252 mortibus,
933 1171 982 1240 ire

209 1292 361 1384 Longius,
382 1301 413 1362 et
431 1293 537 1363 clades
555 1293 681 1375 inferre,
704 1304 847 1365 evertere
864 1295 1003 1366 flammis

209 1418 385 1487 'furcarum
403 1426 518 1498 turres,
539 1418 686 1508 Byzantia
704 1407 998 1509 moenia'praestat.

209 1543 267 1613 Eia
286 1543 380 1634 agite,
401 1529 435 1612 in
453 1563 550 1634 rupes
570 1543 667 1636 inque
685 1553 773 1615 antra
792 1545 956 1636 impellite,
977 1555 1111 1637 surgunt

210 1667 320 1759 Caspia
340 1672 401 1760 qud
416 1668 504 1760 juga,
526 1673 587 1760 qna
605 1671 750 1762 Scythiae
767 1672 821 1741 nix
839 1673 950 1742 esserat
968 1692 1072 1754 auras,

211 1794 387 1864 Turcarum
405 1813 517 1864 mrsus
536 1794 690 1874 sobolem,
711 1815 802 1885 quac,
823 1795 1002 1868 accessibus
1021 1796 1145 1888 ingens,

210 1917 322 1988 Divitis
339 1917 485 2008 Europae
503 1918 656 1988 florentes
675 1927 807 2008 occupat
825 1918 933 1990 urbes.

675 2279 737 2340 xtll
779 2328 781 2332 .

190 2589 192 2595 ,
211 2539 251 2609 Et
265 2540 378 2610 Graeci
396 2549 427 2610 et
444 2541 594 2622 Thraces,
613 2539 763 2623 Armene,
784 2541 938 2633 Georgica
957 2542 1074 2632 proles,

213 2663 425 2747 Conclamant,
443 2665 566 2748 flentes,
586 2667 746 2736 carissima
765 2645 906 2757 pignora,
927 2675 1017 2738 natos

211 2787 391 2880 Praeceptis
410 2789 479 2880 cogi
497 2789 579 2880 legis
596 2810 708 2881 parere
726 2789 875 2879 profanae

212 2913 336 2997 Corani,
357 2917 428 2985 duri
447 2915 568 3006 species
585 2906 766 2986 miseranda
783 2914 907 2987 tributil

212 3039 298 3110 Haec
315 3040 419 3131 potius
436 3038 528 3110 vobis
546 3047 705 3129 pertentet
724 3039 824 3131 gloria
843 3049 975 3121 mentes,

212 3164 308 3254 impia
326 3165 476 3235 fulminco
493 3184 696 3255 compescere
713 3165 845 3235 crimina
863 3165 963 3235 terro:

212 3289 315 3360 Nolite
334 3288 366 3357 in
384 3297 506 3360 vestros
524 3288 639 3358 tratres
657 3264 787 3371 sae'vire,
807 3307 866 3360 nec
883 3290 958 3360 inde

213 3413 374 3486 Laudibus
393 3413 509 3486 extolli.
528 3413 620 3484 valde
634 3413 763 3505 dicique
780 3424 936 3505 potentes.

678 3775 742 3839 XIV

211 4037 275 4108 Sed
295 4036 373 4107 dum
391 4045 475 4107 tanta
493 4003 577 4108 tenet
594 4045 716 4107 vestras
734 4037 854 4106 insania
872 4045 1007 4120 mentes,

210 4161 379 4253 Sanguinis
399 4169 431 4231 et
448 4162 546 4232 vestri
566 4162 709 4232 sitientes
729 4161 853 4232 sumitis
872 4182 969 4244 arma,

187 4309 189 4312 ·
211 4285 433 4378 nonunquam
451 4287 587 4358 deerunt
605 4289 762 4358 Lusomm
778 4287 810 4356 in
828 4287 927 4379 stirpe
944 4286 1069 4378 pusilla,

15 4441 16 4448 ¹
142 4488 145 4496 ,
210 4421 272 4491 Pro
290 4439 385 4491 causa
403 4420 533 4503 Christi,
554 4413 867 4512 supremi'Numinis,
888 4441 993 4492 ausus.

210 4543 360 4616 dlrorum
379 4547 523 4636 egregias
542 4547 581 4616 ad
600 4546 704 4616 littora
723 4545 862 4637 possidet
881 4565 971 4616 arces

210 4669 291 4740 Prae
309 4669 455 4760 reliquis3
475 4668 570 4740 Asiae
590 4671 769 4740 dominatur
787 4669 881 4740 latius
898 4670 980 4740 oris:

209 4794 421 4885 luventaeque
440 4815 550 4866 recens
564 4794 639 4865 colit
657 4815 730 4865 arva
749 4795 886 4886 ingentia
903 4795 1013 4886 partis

211 4918 309 5009 Sique
326 4919 407 4990 alius
426 4919 507 4991 toret
519 4918 617 5000 orbis,
633 4920 665 4988 in
684 4920 766 4989 hunc
781 4939 908 5012 quoque
921 4918 1064 4990 tenderet
1077 4915 1198 4988 orbem.
