3440 5392
922 376 1073 425 uusrnnnn

944 635 1048 697 xxvii

500 899 590 969 Nunc
609 898 725 968 audere
744 897 803 968 levi
822 895 924 988 pelagi
943 908 1009 967 rate
1028 897 1148 968 findere
1167 897 1282 967 lluetus

500 1022 635 1093 cernitis
653 1023 828 1112 ambiguos,
848 1021 1009 1112 clausique
1027 1041 1084 1112 per
1103 1040 1239 1112 aequora
1258 1022 1343 1111 penti

499 1147 643 1216 insolitas
661 1147 783 1238 aperire
801 1147 881 1216 vias:
901 1163 960 1216 nec
978 1145 1104 1215 flatibus
1122 1153 1228 1215 arcent

498 1269 625 1342 Alricus
643 1280 736 1361 atque
755 1270 866 1351 Notus
886 1271 941 1340 sed
960 1269 1062 1340 adbuc
1079 1270 1198 1359 maiora
1217 1277 1393 1359 capessunt.

498 1396 563 1466 Nec
581 1398 657 1465 satis
674 1404 721 1465 est
740 1394 853 1465 vidisse
872 1393 988 1486 plagas,
1010 1393 1064 1465 ubi
1083 1394 1171 1464 tarda
1188 1401 1352 1464 merantur

498 1523 631 1592 Lumina
650 1521 723 1592 solis
741 1541 840 1611 equos
859 1521 1029 1611 spatiisque
1048 1520 1223 1590 mineribus
1242 1529 1371 1610 urgent;

497 1645 547 1715 Ire
566 1645 676 1715 animis
693 1646 775 1714 ultra
794 1644 967 1734 studiisque
986 1643 1167 1714 ardentibus
1185 1643 1312 1724 audent,

498 1772 604 1840 Aurea
622 1770 775 1840 nascentis
793 1765 947 1839 cunabull
967 1787 1118 1858 quaerere
1137 1769 1220 1838 salis.

935 2125 1051 2188 xxvlb

496 2390 625 2460 Aeterni
643 2391 798 2480 premissa
816 2398 941 2459 manent
958 2388 1016 2459 bes
1034 2389 1156 2458 conscia
1174 2389 1253 2467 Fati,

496 2514 555 2584 Cui
574 2516 622 2582 vis
640 2534 751 2604 magna
770 2513 888 2596 subest,
909 2514 986 2584 nulli
1004 2523 1035 2583 et
1053 2512 1200 2582 violabile
1217 2511 1351 2602 pondus,

494 2637 539 2710 Ut
556 2638 669 2730 pelagi,
689 2638 764 2709 solis
781 2638 866 2729 quod
884 2638 1000 2709 lumina
1021 2638 1121 2708 cernit
1138 2637 1209 2716 Eoi,

494 2747 624 2856 Sceptra
642 2764 697 2834 diu
715 2773 850 2846 teneant,
871 2765 1019 2855 legesque
1038 2772 1070 2834 et
1084 2765 1157 2854 jura
1174 2763 1363 2832 ministrent.

493 2888 644 2958 Errantes
663 2889 773 2979 pelage
791 2888 958 2959 durissima
976 2887 1091 2977 lrigora
1111 2888 1243 2958 brumae

493 3014 693 3097 Sustinuere;
711 3015 793 3104 jacet
812 3033 889 3104 gens
907 3014 990 3083 lessa
1008 3022 1040 3082 et
1058 3013 1139 3083 victa
1158 3013 1279 3083 labere:

494 3138 641 3229 Aequum
660 3142 719 3210 erit
737 3149 858 3231 optatus
876 3140 967 3208 liceat
978 3139 1043 3229 jam
1061 3147 1188 3228 tangere
1206 3147 1328 3229 pertus,

493 3264 538 3336 Ut
555 3263 682 3334 tandem
700 3267 821 3354 gremio
839 3271 943 3332 terrae
960 3264 1121 3353 potiantur
1138 3271 1268 3332 amatae.

941 3587 1034 3683 xxrn

491 3886 532 3954 Et
550 3887 698 3976 queniam
713 3884 778 3974 jam
797 3892 880 3964 sunt,
901 3883 1026 3974 Superi,
1046 3885 1145 3952 maria
1162 3882 1267 3952 emnia
1285 3883 1404 3952 circum

492 4011 550 4080 Tot
567 4010 649 4080 mala
667 4011 820 4101 perpessi,
840 4009 1017 4079 discrimina
1035 4017 1119 4078 tanta
1137 4007 1302 4099 plagarum
1352 4055 1355 4060 -

490 4135 632 4225 Experti,
652 4143 684 4205 et
702 4135 794 4205 iacies
811 4137 904 4204 toties
921 4135 1068 4204 variantis
1086 4134 1222 4224 Olympi,

490 4259 665 4330 Ventcmm
683 4259 803 4330 rabiem
820 4269 1105 4349 tempestatumque
1123 4258 1260 4339 lurores;

490 4385 556 4454 Hae
573 4387 675 4475 piaret
692 4387 814 4456 ardenti
831 4385 946 4476 libyae
964 4385 1100 4476 regionis
1119 4385 1151 4452 in
1168 4403 1223 4454 ora

489 4511 617 4590 Sistant,
637 4519 668 4580 et
687 4509 758 4580 lessi
776 4509 910 4599 bospitio
928 4510 1123 4600 excipiantur
1141 4509 1252 4588 amica,

488 4634 582 4708 Unde
600 4635 716 4705 iterum
734 4637 866 4705 recreati
886 4636 1006 4716 animis,
1028 4643 1059 4705 et
1077 4634 1174 4704 classe
1192 4633 1317 4713 relecta,

488 4762 652 4851 incoeptus
670 4763 774 4831 ineant
791 4781 913 4840 cursus,
933 4769 965 4830 et
982 4759 1042 4828 lata
1060 4768 1242 4849 sequantur.
