3406 5378
943 421 1098 468 theinnan

972 621 1072 741 cxv'h

520 939 626 1024 Quum
644 939 797 1030 popolmn
815 940 917 1030 legem
935 937 1053 1010 Christi
1071 941 1255 1032 cultumque
1272 941 1413 1024 doceret,

520 1063 673 1154 Sparsere
692 1065 723 1134 in
742 1063 855 1154 vulgus
873 1063 1048 1134 stimulatae
1066 1065 1185 1135 semina
1204 1066 1305 1136 rinae:

518 1188 588 1259 lam
607 1197 675 1258 tum
693 1187 847 1280 discipulo
865 1187 1019 1258 Dominus
1038 1209 1194 1280 servoque
1212 1190 1317 1274 fideli,-

518 1314 665 1396 Passuro,
685 1314 865 1384 aetheream
883 1312 991 1384 sedem
1008 1315 1208 1407 palmamque
1225 1316 1365 1406 parabat.

519 1437 674 1509 Obruitur
691 1437 827 1508 'ihomas
845 1457 993 1508 sanomm
1012 1440 1094 1508 mole
1114 1440 1286 1522 volantum,

518 1565 583 1635 Nec
601 1564 689 1654 high,
710 1573 763 1634 aut
781 1565 909 1655 pavitat,
929 1566 985 1636 sed
1004 1565 1115 1636 suilert
1133 1566 1262 1638 vulnera
1280 1567 1383 1650 mitis;

517 1688 610 1760 Unus
627 1697 657 1758 at
675 1689 841 1778 impatiens
859 1689 1007 1760 scelerata
1027 1709 1045 1760 e
1064 1697 1167 1780 gente,
1188 1689 1340 1772 harenter,

518 1813 650 1882 lnsontis
669 1812 737 1881 niro
757 1811 909 1904 transfigit
927 1823 1054 1904 pectora
1075 1813 1148 1883 telo.

954 2172 1067 2234 cxviii
1199 2231 1202 2240 .

516 2430 560 2501 To
579 2430 692 2500 llurius
710 2430 862 2501 Thomam
881 2431 1004 2522 Ganges
1021 2433 1161 2516 dellerit,
1180 2442 1212 2504 et
1230 2434 1343 2518 indus;

516 2555 604 2640 Quae
623 2565 676 2625 tua
695 2557 834 2647 suscepit
852 2557 984 2648 vestigia
1002 2557 1088 2627 llevit
1107 2567 1139 2628 et
1157 2561 1260 2630 omnis

514 2681 559 2749 la
577 2681 678 2770 regio;
700 2680 756 2750 sed
775 2689 805 2749 te
824 2680 951 2770 gravius
969 2681 1078 2751 luxere
1096 2692 1297 2774 peremptum

514 2804 599 2874 Puro
617 2806 738 2875 animae
757 2825 835 2896 quas
853 2814 957 2876 sancta
976 2805 1054 2875 fides
1072 2805 1202 2878 ornabat
1221 2809 1351 2878 amictu:

514 2929 679 3000 Telamon
698 2931 844 3022 aligerae,
866 2931 1031 3001 miscentes
1050 2934 1188 3003 carmina
1200 2935 1283 3014 risu,

513 3053 683 3143 Excipiunt
701 3061 823 3124 turmae
841 3055 948 3154 coelis,
969 3054 1024 3125 uhi
1042 3066 1131 3146 parta
1150 3058 1262 3148 potiris

514 3179 667 3250 Praemia.
689 3179 785 3250 Posce
804 3182 867 3251 tuis
885 3201 943 3272 pro
962 3181 1053 3253 Lusis
1071 3183 1174 3252 omnia
1194 3182 1302 3264 lausia,

514 3302 722 3386 Quaesumus,
743 3303 884 3386 illustris,
905 3323 1053 3394 supremo
1073 3325 1089 3374 a
1108 3305 1252 3386 Numine,
1273 3317 1404 3396 martyr.

963 3665 1052 3726 CXIX

470 3965 474 3970 -
512 3923 555 3994 nt
573 3943 628 3995 vos
646 3925 801 4014 insignem
820 3925 875 4014 qui
893 3945 978 3995 nunc
996 3923 1122 3996 ambitis
1140 3926 1303 4010 honorem,

512 4047 541 4117 Α
559 4048 708 4128 Domino,
727 4056 763 4117 ut
781 4047 927 4128 Thomas,
948 4051 1059 4120 missos
1078 4057 1109 4120 et
1126 4049 1230 4120 dicitis
1248 4071 1328 4131 esse,

513 4173 624 4256 Dicite,
645 4173 670 4244 si
690 4173 789 4252 missi,
810 4193 868 4244 cur
885 4175 968 4246 lenta
987 4176 1018 4244 in
1037 4195 1115 4266 pace
1132 4176 1243 4246 levetis

511 4297 595 4380 Otia,
614 4319 671 4368 uec
689 4299 784 4368 vultis
801 4297 919 4368 Christi
937 4299 1116 4370 dillundere
1134 4299 1260 4370 lucem?

511 4423 596 4491 Estis
614 4420 658 4490 sal
677 4423 803 4492 terrae‘l
819 4423 934 4493 Patriis
953 4423 1104 4494 evanidus
1122 4424 1187 4494 oris

512 4545 578 4616 Hoc
596 4547 639 4616 sal
658 4549 683 4616 si
702 4547 755 4616 hat
772 4545 879 4638 (nemo
897 4549 930 4618 in
948 4550 1110 4639 patriaque
1127 4549 1307 4643 propheta),

511 4671 676 4756 Quomodo
695 4671 872 4764 (praetereo
891 4695 951 4744 non
971 4673 1086 4744 Christi
1105 4684 1205 4746 castra
1224 4678 1405 4768 sequentes)

512 4796 570 4865 Tot
588 4805 695 4866 nostro
712 4795 883 4868 haereseon
902 4799 1052 4869 salientur
1071 4809 1213 4892 tempore
1232 4802 1358 4890 pestes‘l
