3440 5392
580 482 668 528 tritten
687 481 844 530 SECUNDUS

689 741 740 802 llll

215 1001 286 1070 lldo
305 1002 422 1092 gemini
440 1001 559 1072 inducti
578 1005 718 1085 oomites,
738 1003 792 1073 ubi
810 1003 902 1074 lictus
920 1002 1031 1093 agebat

214 1125 353 1195 Bacchus
372 1125 527 1195 adorantis
546 1126 696 1215 speeiem,
716 1127 790 1196 dant
808 1127 925 1217 poplite
943 1127 1026 1197 lleno

214 1249 256 1318 Se
274 1251 421 1340 genibus3
443 1269 551 1319 sensns
569 1250 709 1320 referunt
728 1251 766 1320 ad
784 1252 898 1332 sidem,
917 1271 1033 1320 numen
1112 1261 1114 1264 ’

212 1375 318 1444 Mente
336 1374 450 1454 oolunt,
472 1382 573 1443 totum
592 1374 726 1464 imperio
745 1375 799 1464 qui
818 1384 972 1465 temperat
990 1374 1112 1445 orbem.

212 1499 358 1590 Namque
376 1498 431 1580 ibi,
452 1519 531 1588 quos
549 1503 637 1588 regio
655 1499 822 1590 panchaioa
840 1501 946 1582 mittit,
966 1500 1078 1570 odores

214 1624 395 1713 Flagrantes
413 1623 552 1693 Baoohus
570 1623 680 1714 positis
699 1624 841 1694 adolebat
859 1625 891 1692 in
910 1625 988 1694 aris:

213 1748 265 1816 Sic
284 1748 424 1828 tandem,
445 1749 547 1838 posito
565 1749 638 1818 lmto
656 1766 729 1817 oum
748 1749 873 1818 nomine
890 1749 982 1830 tastu,

213 1873 350 1943 Numina
368 1893 443 1942 vera
461 1873 518 1943 Dei
537 1875 700 1944 mentitum
720 1895 838 1945 numen
856 1875 974 1945 adorat.

680 2235 741 2296 lllll

215 2499 285 2578 llio,
306 2497 391 2566 lauto
410 2497 531 2587 excepti
550 2497 735 2587 peregrinae
752 2516 884 2566 munere
902 2517 1039 2578 mensae,

214 2620 409 2691 Christiadae
426 2622 556 2691 comites
574 2621 701 2712 longam
719 2624 800 2690 inter
819 2621 931 2710 gaudia
949 2630 1072 2690 noctem

214 2747 373 2834 Egerunt3
395 2745 512 2815 fraudis
531 2765 594 2814 non
613 2745 675 2814 ulla
694 2753 741 2814 est
759 2765 845 2824 eura,
866 2763 923 2812 neo
941 2744 1042 2815 ullum

214 2870 291 2939 Esse
311 2869 420 2940 dolum
437 2869 508 2938 ficta
528 2868 652 2960 pietatis
672 2869 819 2956 imagine,
840 2867 983 2938 eredunt.

215 2993 272 3063 Ast
290 2991 346 3062 ubi
366 3014 399 3062 se
418 2993 512 3062 radiis
531 2993 576 3062 sol
595 3012 710 3062 aureus
729 2993 833 3063 intulit
852 2991 933 3074 orbi,

213 3117 398 3208 Effuditque
416 3117 513 3207 ignea,
535 3119 715 3208 pariterque
733 3117 901 3186 invertite
921 3117 1011 3198 ooeli,

214 3241 395 3332 Purpureas
414 3242 622 3322 internubes
644 3242 788 3312 Tithonia
806 3241 919 3332 conjux

212 3366 332 3438 Extulit
351 3386 387 3434 os
407 3385 542 3446 roseum,
563 3385 706 3456 puraque
725 3365 757 3434 in
777 3365 877 3435 lroute
896 3364 1026 3436 reluxit:

676 3725 743 3787 xlv

213 3990 295 4059 'lum
313 3989 416 4058 Mauri
434 4009 452 4057 e
470 3997 564 4078 portu
584 3987 714 4058 redeunt
732 3986 877 4056 mandata
896 3987 1030 4057 lerentes

213 4114 324 4203 Regia,
344 4113 509 4183 suadentes
527 4113 657 4193 aditum,
677 4131 848 4201 seuumque
866 4117 1026 4200 reportant

214 4238 366 4308 Lusiadas
384 4239 535 4329 geminos
557 4238 670 4308 ductor
688 4259 766 4328 quos
784 4237 928 4317 miserat;
948 4235 1017 4305 illos

213 4365 283 4433 Rex
302 4363 420 4433 etenim
439 4365 501 4432 cari
520 4372 699 4454 susceperat
717 4364 813 4432 instar
831 4361 933 4431 amioi.

214 4487 339 4558 Certior
357 4495 388 4557 at
405 4488 508 4558 Lusus
527 4488 613 4558 nullo
633 4487 812 4558 disorimiue
829 4485 956 4556 Mauros

212 4613 309 4683 Posse
326 4621 435 4682 tenere
453 4614 546 4693 lares,
565 4613 751 4703 nullumque
769 4611 894 4681 obstare
913 4611 1069 4690 timorem,

213 4736 298 4821 Quin
316 4737 386 4806 illos
404 4735 521 4806 Christi
539 4736 639 4806 soeios
657 4735 798 4805 habitare
816 4743 960 4824 penates;

213 4864 263 4934 lre
282 4863 382 4953 eupit,
402 4862 545 4952 salsoque
563 4863 594 4930 in
614 4861 743 4930 llumine
761 4861 872 4930 sistere
890 4880 995 4930 naves.

283 4977 296 5015 4
