3384 5372
491 1394 894 1520 nostrone

550 1905 650 1963 LIBER
675 1907 835 1963 OCTAVUS

688 2243 698 2302 Ι

197 2501 285 2585 Quae
302 2520 336 2570 se
354 2500 457 2591 prima
475 2485 577 2571 oeulis
595 2504 717 2591 speeies
736 2503 904 2592 objecerat,
926 2505 978 2573 ilia

197 2623 343 2694 Defixnm
360 2625 473 2694 obtutu
491 2625 652 2695 Catualem
670 2627 752 2696 eiara
770 2627 911 2708 tenebat;

198 2748 298 2818 Heros
315 2768 440 2838 nempe,
459 2769 573 2839 gerens
591 2749 737 2820 viridanti
756 2751 900 2839 germine
919 2771 1062 2834 ramnnr;

196 2872 300 2955 Quem
317 2872 443 2942 decorat
461 2893 535 2942 eana
556 2881 588 2942 et
605 2893 744 2963 propexa
763 2873 801 2943 ad
819 2884 946 2963 pectora
965 2875 1073 2946 barba.

197 2995 280 3079 Quid
298 2997 360 3064 sit‘?
378 3016 473 3086 quem
491 2997 570 3066 eelet
587 2997 659 3066 fieta
678 2997 736 3066 snb
748 2997 892 3086 imagine
910 3002 1059 3069 sensum?

196 3119 294 3210 quue
311 3120 433 3210 insigne
450 3139 546 3188 mann
563 3119 658 3190 fuerit
676 3140 756 3210 quae
775 3141 867 3190 eausa
886 3123 1039 3210 gerendi?

196 3243 332 3334 Exponit
349 3244 474 3322 Paulus,
493 3263 651 3334 vocesque
669 3265 708 3314 en
727 3265 782 3314 ore
800 3245 917 3314 diserto

196 3368 320 3459 Excipit
337 3378 368 3439 et
385 3370 495 3458 patriis
512 3390 644 3440 maurus
662 3370 859 3440 sermonibus
877 3370 952 3440 edit.
1010 3465 1012 3472 s

676 3727 706 3787 211

196 3991 273 4070 Hos,
294 4009 431 4080 quorum
448 4009 611 4079 expressas
630 3989 724 4059 iacies
743 3990 793 4058 hie
813 3991 936 4078 aspicie,
957 4011 1066 4059 omnes

195 4113 405 4204 Terribilique
420 4122 529 4190 tmees
547 4113 648 4194 vultu,
670 4115 804 4202 visuque
822 4113 987 4194 tremendi,

195 4239 372 4309 Horribiles
388 4237 547 4330 fortesque
565 4239 665 4328 magis
683 4245 857 4308 noscuntur
874 4241 907 4306 in
928 4239 1038 4320 armis;

194 4363 300 4432 Mitior
318 4371 364 4432 est
382 4362 487 4445 iacies
507 4366 603 4453 qnam
622 4362 763 4432 dextera:
783 4361 871 4431 sama·
882 4363 1030 4452 perennis

195 4487 290 4557 Gesta
308 4487 420 4558 refert:
441 4490 544 4577 prisea
561 4487 694 4557 heroum
712 4496 784 4557 sunt
801 4487 938 4565 nomina,
959 4506 1095 4576 quorum

195 4611 304 4682 Gloria
323 4631 448 4703 semper
466 4615 526 4683 erit
544 4611 658 4682 merito
676 4620 848 4682 memorata
867 4631 924 4701 per
943 4611 1063 4681 orbem.
1184 4591 1189 4606 ’

195 4736 253 4806 Hie
270 4736 384 4817 Lusus,
406 4757 501 4828 quem
521 4739 634 4818 cernis,
654 4737 753 4816 adest,
774 4738 836 4814 oui,
856 4755 987 4805 munere
1006 4733 1117 4816 famae,

197 4861 396 4932 Praeclarum
415 4862 507 4934 debet
526 4883 609 4932 nune
627 4862 729 4932 bellax
748 4862 836 4952 Lysia
855 4881 980 4930 nomen.

272 4973 298 5014 19
