3384 5372
571 493 662 544 amna
679 490 820 544 oernros

645 747 749 814 uxxu

198 1014 303 1086 Prima
321 1021 434 1086 eventa
451 1033 550 1086 novas
567 1013 661 1086 tantis
679 1013 844 1086 conatibus
863 1012 983 1086 addunt

197 1141 239 1212 Et
257 1159 330 1230 spes
348 1147 380 1209 et
399 1138 499 1210 vires:
521 1139 656 1210 audaces
674 1158 813 1229 aequora
832 1139 964 1222 sulcant,

197 1265 315 1356 ignotis
333 1263 435 1355 figunt
452 1271 567 1336 nautae
585 1263 717 1354 vestigia
735 1262 842 1334 terris:

197 1390 238 1459 Hi
257 1389 407 1471 redeunt;
428 1388 479 1460 alii
498 1396 563 1460 tam
580 1387 663 1460 alara
682 1389 825 1479 exempta
846 1395 1035 1480 sequuntur.

196 1513 344 1585 finitores
362 1513 480 1606 libyae
499 1521 669 1595 extremos,
691 1533 771 1605 qnos
790 1513 859 1586 aris
877 1514 910 1586 in
929 1511 1084 1590 Austrum

197 1639 366 1730 Compulit,
387 1647 419 1712 et
438 1648 563 1731 septem
580 1659 745 1729 nunquam
763 1639 875 1712 videre
894 1640 1037 1726 Triones

196 1765 350 1847 Vidimus,
369 1773 464 1860 atque
481 1765 550 1838 iilos
569 1785 668 1838 eursu
687 1765 900 1848 transivimus,
919 1766 993 1870 igne

196 1891 282 1975 Quos
300 1891 366 1961 urit
384 1891 511 1983 gemino
529 1890 739 1982 Tropieorum
757 1911 776 1964 a
793 1891 894 1966 limite
911 1890 1071 1968 Phoebus.

586 2289 594 2296 -
633 2251 749 2316 LXXIII

192 2516 261 2587 Hos
279 2515 377 2608 igitur
394 2523 468 2588 voto
485 2514 641 2588 constanti
660 2523 693 2586 et
710 2523 840 2605 pertore
858 2515 962 2598 firmo,

191 2640 345 2722 Vicimus,
364 2640 482 2722 invicti,
500 2639 593 2712 nobis
613 2640 770 2712 contraria
789 2640 859 2724 tata,

190 2766 301 2838 Doner
317 2765 400 2838 inire
418 2765 464 2838 tui
480 2765 570 2836 linuit
587 2765 721 2838 confinia
741 2765 848 2856 regni3

190 2891 318 2962 Seitiret
336 2891 414 2964 haee
433 2898 575 2964 extrema
595 2899 645 2964 est
663 2891 757 2966 nobis
774 2899 859 2964 meta
877 2889 1006 2964 laboris.
1080 2969 1082 2974 ,
1155 2917 1161 2932 “

190 3018 250 3087 Hir
268 3026 341 3108 post
358 3023 423 3086 tam
441 3016 553 3108 longos
571 3015 665 3088 infida
683 3037 743 3110 per
762 3037 905 3108 aequora
922 3035 1049 3103 rursus,

189 3142 300 3214 Jaotati
319 3143 413 3213 toties
430 3142 537 3225 undis,
557 3142 701 3234 atrisque
719 3143 877 3234 praealtis,
973 3175 975 3182 ¹

188 3267 233 3338 Te
251 3268 398 3350 fruimur,
417 3287 475 3338 nee
495 3267 664 3360 quiequam
681 3269 766 3340 alind
785 3287 843 3340 nos
860 3268 942 3341 velle
961 3287 1077 3340 verere

188 3393 292 3482 Quam
311 3393 381 3486 regi
399 3402 436 3464 nt
453 3401 563 3468 nostro
583 3394 675 3485 regui
692 3393 788 3486 hujus
806 3393 896 3486 signa
914 3394 1065 3468 seramus.

626 3753 744 3822 LXXIV

188 4021 274 4095 Vera
292 4022 415 4113 loquor,
436 4019 599 4111 Princeps,
618 4019 723 4094 missis
741 4017 945 4110 ambagibus:
964 4019 1018 4096 odi

187 4149 360 4218 Sermones
380 4148 504 4237 longos,
524 4153 595 4218 astu
609 4145 776 4236 iurataque
794 4144 905 4220 rerba.

186 4274 220 4343 Si
240 4294 293 4344 me
312 4293 385 4363 spes
405 4272 498 4356 lueri,
518 4293 582 4346 uon
601 4271 687 4363 regis
701 4270 800 4362 jussa,
819 4279 985 4346 moverent

184 4398 360 4472 Littoribus
378 4399 493 4473 vestris
511 4405 547 4472 nt
565 4397 682 4472 vollem
700 4397 861 4489 appellere
879 4417 984 4480 naves,

184 4525 311 4596 Mallem
330 4525 479 4616 equidem
496 4525 638 4598 Thetidis
651 4524 773 4616 gremio
792 4523 997 4615 requiescere
1013 4530 1113 4606 uasto,

186 4650 233 4743 (Si
253 4659 361 4722 tamen
379 4651 442 4724 ulla
463 4652 563 4744 quies,
582 4672 643 4743 pan
662 4658 710 4722 est
727 4649 784 4722 ubi
802 4649 901 4743 nulla)
919 4670 978 4741 per
996 4651 1098 4724 nudes

185 4775 352 4860 Quaerens
373 4775 508 4859 divitias,
528 4775 701 4868 praedonis
718 4795 810 4848 more
827 4774 974 4859 natando,

184 4900 289 4985 Quem
308 4900 408 4972 ditem
426 4901 543 4976 sariunt
563 4901 665 4985 aheni,
685 4905 788 4994 tarot,
807 4901 942 4976 uberes.
1048 4991 1050 4996 Ι
