3440 5392
626 446 714 506 LIBEII
733 446 843 492 PIIIAIUS

712 705 760 766 LII

236 965 292 1036 lile
310 965 407 1035 habili
425 967 515 1035 vitrei
534 986 660 1057 campos
678 967 749 1036 salis
767 987 839 1037 aere
857 967 982 1036 secabat

236 1090 385 1182 Impiger,
406 1099 438 1160 et
456 1093 562 1182 Lysias
580 1092 710 1182 cupiens
728 1073 875 1162 accedere
894 1113 988 1162 naves

237 1215 325 1284 Dona
344 1215 503 1306 dapesque
522 1215 638 1286 terens:
660 1216 747 1286 sedet
764 1216 841 1286 haec
860 1219 1012 1286 sententia
1031 1219 1140 1298 menti,

236 1340 309 1409 Illos
327 1339 425 1410 classe
442 1340 514 1408 vehi
533 1341 676 1430 populos,
698 1341 752 1430 qui
771 1340 883 1431 Caspia
902 1342 1017 1414 montis

237 1463 380 1535 Culmina
398 1464 466 1534 dira
484 1473 591 1534 truces
609 1461 760 1544 habitant,
779 1468 938 1556 vitamque
957 1465 1056 1537 lemno

236 1591 324 1660 More
342 1591 469 1679 agitant,
491 1589 608 1680 qulbus
625 1591 716 1660 ellusi
734 1591 918 1680 regionibus
938 1612 1023 1660 arma

237 1713 381 1784 Infudere
398 1713 501 1795 Asiae,
520 1714 653 1806 latisque
672 1715 855 1785 vocantibus
873 1716 967 1796 ultro,

237 1837 291 1907 Sic
310 1836 502 1908 Constantini
523 1839 636 1909 solium
654 1859 729 1909 mox
746 1839 827 1909 urbe
845 1840 998 1910 locarunt.

700 2198 764 2260 LIII

235 2458 307 2542 Dur
325 2459 424 2549 igitur
441 2459 520 2529 laeto
538 2461 715 2530 venientem
732 2471 860 2552 pectore
877 2461 1022 2532 Maurum

235 2582 376 2673 Accepit,
397 2592 491 2673 atque
508 2584 599 2653 hilari
618 2585 719 2654 socIos
737 2586 830 2654 simul
850 2586 966 2675 echpit
984 2605 1049 2666 ore,

233 2707 275 2774 Et
294 2707 423 2776 conflata
438 2707 529 2798 jubet
546 2709 691 2798 pretiosis
709 2727 840 2778 munera
858 2708 955 2779 rebus

210 2906 213 2910 ,
234 2832 380 2903 Protinus
397 2834 516 2914 allerri,
537 2853 617 2924 quae
634 2834 794 2924 praescius
814 2843 884 2904 ante
902 2839 1039 2924 pararat,

234 2959 276 3028 Et
294 2959 385 3029 donis
402 2961 514 3029 miscet
531 2959 659 3030 hellada
677 2961 794 3042 dulda3
816 2959 953 3050 praefert

235 3081 407 3153 Ardentem
425 3084 583 3153 insolitum
602 3085 656 3174 qui
675 3085 776 3154 tristia
793 3086 886 3155 corda
905 3086 1061 3176 liquorem

234 3207 408 3276 Exhilarat:
425 3207 525 3277 laetus
544 3208 673 3278 Maurus
692 3211 773 3298 capit
791 3211 906 3291 omnia,
926 3212 1027 3280 multo

234 3331 359 3401 Laetior
377 3332 521 3402 exhaurit
539 3341 673 3423 pateras,
693 3341 724 3402 et
742 3333 859 3404 fercula
877 3332 996 3404 lambit.

692 3692 767 3753 unu
886 3765 888 3770 ,

233 3951 356 4043 Perque
374 3953 470 4032 sinus,
491 3973 613 4045 perque
631 3963 780 4024 antennas
798 3955 943 4025 sublimia
963 3956 1098 4046 pendent

232 4075 368 4167 Agmina
386 4087 564 4160 nautarum,
585 4088 670 4150 tanto
689 4081 859 4171 stupefacta
877 4080 1024 4161 tumultu,

232 4201 436 4292 Insolitosque
453 4211 560 4274 notant
578 4203 715 4285 babitus,
734 4224 903 4295 moresque
923 4211 1061 4274 remotae

233 4325 353 4406 Gentis,
373 4335 404 4395 et
423 4326 560 4418 ignotam
577 4329 745 4417 peregrino
764 4347 929 4397 murmure
948 4326 1097 4418 linguam.

231 4451 296 4522 Nec
314 4451 419 4522 minus
438 4453 567 4523 attonito
585 4474 663 4523 nova
682 4461 754 4522 sunt
773 4453 949 4543 spectacula
968 4454 1087 4536 Mauro,

232 4577 295 4647 Ore
314 4577 410 4658 color,
431 4579 583 4649 membris
600 4579 737 4660 babitus,
758 4599 845 4647 arma
862 4578 989 4650 horrida
1008 4580 1120 4662 classe;

159 4715 168 4730 ·
232 4703 350 4774 Cuncta
370 4713 467 4782 notat,
488 4725 659 4796 causasque
678 4713 781 4794 rogat,
801 4705 989 4796 tandemque
1008 4707 1141 4797 requirit

231 4827 280 4897 An
300 4829 424 4898 veniant
443 4837 516 4898 noto
535 4829 712 4900 lurcorum
731 4852 748 4900 o
767 4830 871 4900 littore
891 4833 1006 4900 namsi
