3394 5372
921 493 1077 540 tustnunt:

939 749 1058 814 LXXXI

501 1012 626 1083 Scilicet
644 1013 755 1083 invasit
774 1011 911 1082 crudelis
928 1031 1062 1102 corpora
1081 1011 1223 1094 morbus,

500 1137 570 1223 Qun
588 1137 711 1208 nultum
728 1136 793 1208 vidi
813 1138 939 1228 gravius
957 1139 1078 1209 saevire
1096 1157 1153 1228 per
1171 1145 1275 1207 artus:

500 1262 675 1332 Senserunt
691 1261 784 1333 muIti
803 1261 890 1332 dirae
909 1262 1051 1352 contagia
1070 1261 1178 1352 pestis,

499 1385 641 1476 Ossaque
659 1387 814 1476 perpetue
831 1387 998 1476 peregrina
1017 1386 1050 1454 in
1069 1384 1143 1454 sede
1161 1385 1333 1475 liquerunt.

454 1499 461 1514 '
499 1511 618 1603 Ecquis
637 1511 818 1602 inexpertus
836 1509 942 1580 morbi
960 1510 1112 1580 miracula
1130 1509 1260 1581 credat?

499 1633 668 1705 Crescebat
687 1642 772 1704 tantu
790 1634 923 1724 gengiua
942 1633 1073 1704 adducta
1093 1641 1228 1714 tumore,
1269 1697 1275 1710 .

500 1758 544 1829 Os
561 1759 655 1838 iutra,
674 1767 710 1828 ut
727 1759 847 1850 pariter
864 1759 947 1827 mire
966 1767 1177 1829 succresceret
1196 1765 1301 1838 auctu,

499 1883 540 1954 Et
557 1884 643 1974 turpi
662 1885 782 1974 pariter
800 1891 998 1974 putresceret
1016 1891 1105 1954 aucta
1122 1902 1254 1953 venenu.

933 2239 1059 2303 LXXXII

498 2504 603 2574 Putris
621 2512 660 2574 et
671 2504 722 2574 illa
741 2524 814 2574 carn
832 2503 968 2594 spirabat
987 2503 1027 2574 ab
1045 2523 1100 2574 ore
1118 2503 1294 2596 mephitim,

499 2628 582 2716 Aera
601 2649 681 2720 quae
700 2649 818 2719 purum
837 2628 943 2698 lethali
961 2629 1110 2699 iniecerat
1127 2633 1218 2699 aurI:
1330 2685 1331 2688 ,

498 2753 590 2824 NuIla
608 2773 721 2823 manus
738 2752 864 2833 medIci,
884 2753 1060 2844 morboque
1078 2752 1169 2823 ducta
1186 2751 1306 2823 mederi

499 2878 619 2960 Posset,
638 2876 724 2949 quIa
741 2897 853 2948 manus
871 2875 997 2948 subtiIis
1015 2876 1124 2948 dextra
1142 2877 1294 2969 chirurgi.

498 3003 647 3092 Quisquis
665 3003 859 3093 inexpertus,
879 3000 1063 3072 Phaebaeae
1081 3011 1113 3071 et
1132 3002 1256 3072 nescius
1273 3002 1359 3083 artis,

499 3125 665 3196 Grassatus
682 3126 777 3206 Ieme,
798 3127 844 3196 sic
861 3128 966 3217 putria
982 3125 1125 3196 membra
1143 3125 1278 3207 secabat,

499 3249 567 3321 Cen
585 3272 645 3344 non
664 3252 734 3322 viva
751 3252 865 3332 iurent,
884 3271 942 3321 nec
960 3250 1010 3322 Iex
1028 3251 1143 3342 injusta
1160 3251 1298 3332 secandi,

499 3375 603 3466 Aeger
622 3379 706 3446 enim
721 3377 838 3466 justam
857 3379 995 3466 spectem
1011 3377 1178 3447 morientis
1195 3375 1338 3446 babebat.

924 3733 1064 3798 LXXXIII

496 4001 616 4071 Littere
634 3999 690 4080 sic,
711 3998 930 4078 tristantem
948 3998 1103 4088 silvasque
1121 4007 1288 4089 petrasque

495 4125 682 4216 Linquimus
699 4123 805 4214 ignota
823 4124 923 4193 socios
942 4124 1069 4213 regione
1087 4122 1235 4213 sepultos,

444 4332 448 4339 ‚
495 4251 557 4320 Per
574 4270 661 4320 mare
679 4269 759 4340 quus
776 4247 945 4330 tumidum,
964 4267 1022 4340 per
1039 4247 1107 4318 dira
1127 4249 1278 4338 pericula,
1298 4269 1390 4320 casus

494 4377 617 4467 Perque
636 4394 757 4465 graues,
777 4393 902 4464 semper
920 4372 1008 4443 lateri
1027 4371 1211 4463 sejungere
1228 4382 1337 4443 nostru

494 4500 651 4572 Vidimus,
672 4499 758 4570 Heu!
780 4498 892 4569 tumuli
911 4499 1008 4570 IaciIis
1027 4501 1124 4590 quarn
1142 4499 1246 4588 cupiat
1266 4499 1383 4569 fluetus

494 4628 558 4699 Nus
577 4627 770 4718 quicumque
787 4626 894 4706 maris,
916 4644 1133 4716 quaecumque
1151 4627 1311 4694 cacumina
1329 4625 1447 4695 montis

493 4753 675 4843 Erprinnt:
697 4753 841 4821 nostrum
860 4758 935 4821 tunc
952 4749 1078 4822 abditus
1095 4751 1229 4841 ungulus
1247 4751 1333 4820 urbis

493 4880 648 4968 Perpetui)
666 4875 786 4946 socium
805 4895 952 4944 carorum
972 4895 1104 4964 rcrpnra
1123 4875 1241 4945 servat!
