3384 5370
901 417 1056 464 ursianae

929 675 1033 738 xxtll

451 917 454 926 ¹
482 935 614 1024 lamque
633 935 710 1004 arleo
729 935 886 1006 Hemicus
903 935 1047 1024 Solymae
1066 935 1244 1006 decesserat
1262 936 1350 1004 urbis

483 1058 657 1138 Moenibus,
678 1066 709 1127 el
728 1079 815 1128 sacra
834 1059 973 1129 victricia
992 1069 1134 1148 tempora
1154 1059 1243 1128 lauro

483 1181 644 1264 Vinxerat,
665 1191 697 1252 et
715 1203 820 1252 sacras
837 1181 982 1252 Jordauis
1001 1183 1123 1252 uiderat
1141 1184 1251 1265 uualas,

481 1306 615 1378 Ablutos
634 1308 768 1399 lymphis
787 1307 903 1378 Christi
923 1309 977 1399 qui
995 1309 1117 1380 viderat
1134 1317 1232 1391 artus,

480 1433 624 1524 Namque
642 1433 697 1503 ubi
717 1433 897 1514 Gotlredus,
918 1434 1058 1504 conlecto
1075 1434 1170 1514 bello,
1191 1437 1320 1526 quievit,

482 1557 695 1649 ludaeamque
714 1559 812 1628 armis
830 1559 962 1640 domuit,
983 1558 1179 1649 populosque
1197 1559 1318 1630 lcreces

482 1683 615 1764 Doricit,
636 1683 739 1763 multi,
759 1683 851 1753 sociis
869 1684 924 1774 qui
942 1683 1023 1753 bella
1042 1683 1194 1774 gerebant

482 1807 622 1890 Viribus,
644 1811 676 1877 iu
694 1809 812 1899 patrios
831 1809 946 1878 iterum
965 1808 1088 1878 rediere
1106 1819 1234 1898 penates

920 2168 1037 2231 XXlllll

484 2428 652 2520 lluugarus
671 2437 712 2508 at,
733 2430 813 2500 ritae
831 2431 964 2501 decurso
982 2432 1133 2522 temporis
1152 2429 1239 2510 orbe,

482 2552 639 2643 Egregius
658 2552 750 2634 lama,
770 2553 916 2645 belloque
934 2553 1075 2645 insignis,
1095 2556 1252 2632 sturmis,

482 2678 599 2748 Invicto
617 2677 753 2748 latorum
771 2680 858 2749 oneri
878 2682 1040 2760 concessit,
1062 2690 1093 2750 et
1112 2680 1203 2749 astris

482 2803 693 2872 Immortalem
713 2804 853 2873 animum
871 2804 953 2874 lelici
972 2813 1056 2874 sorte
1076 2804 1206 2874 remisit.

482 2927 580 2996 Filius
597 2927 777 3017 Alpheusus
797 2929 912 2998 teucris
930 2937 1121 2998 successerat
1140 2929 1244 3011 annis3

483 3049 581 3140 Crrjus
599 3052 631 3120 iu
650 3072 705 3121 ore
724 3053 821 3142 patris
838 3053 931 3122 vivax
950 3051 1088 3142 spirabat
1106 3054 1221 3143 inrogo,

484 3174 631 3245 Fortibus
648 3175 732 3246 haud
750 3177 861 3246 animis
879 3185 910 3246 et
928 3177 1027 3246 lllarte
1044 3175 1193 3246 heroibus
1212 3177 1312 3267 impar
1319 3201 1327 3258 ;

483 3299 564 3369 Nam
581 3300 674 3368 talem
693 3300 798 3370 decuit
814 3300 919 3389 proles
937 3319 1089 3389 generosa
1107 3310 1283 3389 parentem

932 3659 1024 3721 XXlX

484 3921 570 3990 Tunc
590 3920 716 4010 antiqua
733 3919 812 3992 lidos
830 3941 950 4004 rerum,
971 3922 996 3991 si
1016 3921 1144 3992 credero
1162 3921 1207 3992 las
1225 3930 1283 4003 est,

483 4044 593 4114 Obsita
612 4045 695 4136 quod
715 4047 823 4115 multis
841 4046 921 4116 lama
939 4055 987 4117 est
1005 4046 1168 4117 obscurior
1186 4047 1284 4128 arinis,

482 4169 558 4238 lura
575 4169 634 4238 sibi
653 4171 744 4260 regni
763 4170 857 4240 solida
876 4191 1043 4262 usurpasse
1060 4179 1231 4261 parentem,

484 4295 549 4364 Nec
568 4294 718 4384 puduisse
732 4296 846 4385 jugum
864 4296 992 4365 thalami
1010 4295 1145 4367 subiisse
1164 4295 1303 4374 secundi,

484 4418 705 4509 Pupillumque
724 4417 800 4489 adeo
815 4419 888 4510 jure
906 4420 1073 4490 exclusisse
1092 4421 1213 4510 paterni

484 4543 621 4633 Imperii,
641 4552 806 4624 memorat,
822 4545 993 4635 jactantem
1010 4547 1143 4636 iusignia
1160 4549 1259 4636 regui,

484 4667 526 4737 Et
544 4687 678 4757 reguum
697 4668 799 4738 dotale
817 4668 879 4738 sibi
896 4672 1018 4740 venisse
1036 4679 1201 4760 pareutum

484 4794 625 4867 Munere,
645 4813 724 4882 quae
743 4793 851 4864 taedae
869 4794 1021 4866 thalamos
1039 4817 1075 4866 ex
1095 4797 1164 4886 loge
1181 4805 1363 4886 sequautur.
