3384 5372
938 419 1092 466 nt'slnott'.

954 676 1071 740 XXXIII

523 941 586 1010 Sed
602 940 710 1030 iuveni
729 939 852 1028 genitor
866 937 932 1028 jam
950 938 1042 1006 volox
1062 937 1183 1007 advolat
1200 938 1295 1018 ultor,

519 1065 567 1146 Ira
586 1064 709 1145 ardens,
729 1083 843 1153 magno
863 1082 944 1153 quae
962 1061 1061 1132 saevit
1080 1061 1177 1131 mixta
1196 1062 1321 1144 dolore;

518 1189 661 1278 Namque
679 1195 827 1277 paternus
846 1207 934 1256 amor
952 1187 1071 1276 pariter
1089 1187 1251 1276 pictasque
1273 1186 1401 1256 ciebunt

517 1311 703 1382 Luminibus
721 1311 883 1401 lacrymas,
905 1309 1018 1380 alllicto
1037 1319 1164 1400 pectore
1183 1311 1335 1380 dammas.

517 1436 563 1504 llli
582 1436 738 1525 promittit
757 1435 896 1504 venienti
914 1433 1028 1503 nobilis
1047 1436 1091 1503 ira

517 1562 644 1631 Tantam
664 1560 823 1630 illaturum
840 1561 903 1630 nati
924 1581 982 1650 pro
1001 1559 1111 1630 funere
1131 1560 1252 1630 cladem

517 1685 676 1764 Hostibus,
697 1693 732 1754 ut
750 1705 846 1754 naues
866 1685 986 1754 ellusus
1005 1684 1132 1774 sanguis
1150 1683 1298 1753 inundet:

517 1809 707 1879 llorrescent
726 1808 826 1889 Nilus
846 1809 982 1898 Ganges,
1003 1808 1160 1898 Indusque
1177 1806 1345 1878 furentem.

950 2166 1070 2228 XXXIII

518 2431 562 2502 Ut
580 2439 700 2510 taurus,
719 2431 802 2499 caeci
820 2429 955 2500 stimulis
974 2431 1107 2518 agitatus
1126 2430 1255 2510 amoris,

516 2556 657 2644 Pugnant
675 2554 847 2644 proludens
865 2553 1013 2633 luciosus,
1034 2571 1151 2625 cornua
1169 2563 1267 2624 tentat

518 2679 581 2748 dut
599 2679 696 2748 durae
716 2698 852 2768 quercus
871 2687 924 2748 aut
942 2678 1023 2748 altae
1041 2681 1157 2748 cortice
1177 2679 1251 2768 lagi,

516 2802 674 2872 Exercens
692 2801 810 2874 validas
828 2803 905 2872 dum
923 2803 1068 2872 verberat
1087 2807 1158 2872 aira
1175 2803 1276 2872 uires:

516 2927 607 2997 Haud
626 2947 727 3008 seruc,
750 2931 821 2997 ante
840 2929 945 3000 sinum
964 2948 1058 3019 quam
1077 2927 1188 3006 sulcet,
1209 2927 1350 2997 concitus
1369 2929 1423 3006 irt,

517 3051 692 3143 Cambajae,
712 3054 896 3124 Franciscus
914 3073 1011 3144 agens
1029 3054 1061 3122 in
1080 3051 1197 3143 praelia
1216 3053 1326 3130 Lasos,

471 3163 474 3170 ⁴
516 3176 632 3244 Eusem
652 3177 745 3258 acuit,
766 3186 891 3247 vastans
908 3176 1090 3268 opulentam
1109 3175 1236 3247 Ddbulis
1253 3175 1378 3255 urbem,

517 3299 726 3371 Contemnens
744 3302 944 3392 tumidosque
963 3321 1069 3380 armus,
1090 3302 1251 3390 fastusque
1269 3300 1433 3390 superbos,

957 3658 1072 3722 XXXII·

517 3921 610 3990 Latos
628 3919 699 3989 inde
718 3919 805 3990 sinus
822 3928 1000 4009 penetrem,
1021 3941 1057 3990 ac
1074 3922 1237 4011 proximus
1255 3920 1335 3992 altae

518 4046 586 4127 Dio,
605 4045 670 4135 jam
688 4045 790 4134 longis
808 4044 924 4114 celebri
942 4043 1158 4115 obsidionibus
1175 4045 1261 4126 urbi,

516 4171 682 4262 Disperget
701 4179 766 4240 toto
784 4168 923 4240 Calecuti
942 4171 1066 4260 gurgite
1085 4169 1230 4252 classem,

517 4299 603 4382 Quae
621 4295 721 4385 lugiet
740 4295 849 4386 rapido
866 4295 978 4378 Lusos,
998 4297 1158 4376 exterrita,
1179 4317 1286 4367 cursu.

517 4419 646 4490 Cautior
665 4419 714 4488 illa
733 4428 859 4509 praeest
877 4420 927 4489 cui
945 4419 1136 4500 deliramus,
1158 4419 1254 4490 armis

516 4545 593 4615 Arte
613 4554 666 4614 tua
684 4544 778 4624 cusis,
794 4544 944 4624 Vulcane,
965 4543 1164 4614 vomentibus
1182 4547 1283 4635 ignes,

516 4670 601 4753 Qarae
621 4677 763 4758 quassata
783 4677 900 4757 gemet,
920 4667 997 4736 laxis
1015 4667 1220 4758 compagibus
1239 4669 1343 4749 arctis,

517 4791 677 4860 Fluctibus
696 4791 727 4858 in
747 4791 856 4860 mediis
874 4799 1035 4880 mergetur
1054 4791 1188 4881 (lectique
1207 4803 1314 4881 pomo.
