3384 5372
602 449 692 498 LIBEII
714 449 816 499 NONUS

653 707 756 770 LXXII

211 967 268 1039 Ast
288 969 339 1039 aIii
359 971 500 1050 comitas,
522 969 646 1040 diversa
665 971 696 1038 in
714 979 813 1060 parta,
836 971 965 1041 dearum

210 1093 391 1163 Occurrunt
409 1093 533 1176 turbae,
554 1114 635 1183 quae
653 1095 756 1164 nudae
776 1095 805 1162 In
825 1094 910 1165 Inntn
929 1097 1085 1186 lavantur:

210 1216 283 1287 Illae
301 1227 408 1288 autern
427 1217 539 1287 subitis
557 1217 748 1288 elamoribus
767 1226 849 1288 astra
868 1219 1034 1299 lacessunt,

210 1339 277 1410 Cen
295 1343 344 1412 ris
362 1341 505 1422 incautis,
526 1362 584 1411 rau
603 1361 672 1412 sors
691 1343 817 1432 inopina
836 1345 968 1414 veniret.

182 1451 185 1456 ’
210 1466 380 1555 Fingantes
398 1466 487 1548 aliae,
509 1487 690 1558 quanquam
709 1470 749 1537 sit
767 1488 842 1537 nura
862 1469 1002 1558 pudoris,

210 1591 251 1660 Se
269 1590 369 1680 magis
389 1591 515 1660 illorum
533 1592 597 1661 vim
616 1591 786 1662 formidare
804 1592 959 1674 virorum,
978 1639 981 1644 -

210 1714 331 1785 Malunt
348 1735 382 1784 sa
400 1715 503 1785 nudae
522 1715 680 1806 fugientes
699 1715 830 1787 credam
847 1716 949 1786 silvis:
974 1751 988 1774 -.

210 1836 308 1928 Tangi
327 1859 407 1928 quaa
425 1839 606 1929 prohibent,
625 1840 725 1911 naulis
742 1840 816 1911 dant
835 1841 978 1911 membra
997 1820 1108 1911 videri.

650 2199 769 2262 LXXIII

210 2458 296 2527 Haec
316 2459 482 2529 venatricis
499 2479 605 2530 mures
623 2461 742 2530 imitata
760 2459 888 2542 Dianae,

210 2580 277 2651 Ceu
295 2581 375 2652 Iurat
391 2603 455 2651 una
472 2581 534 2652 sibi
549 2582 722 2672 justissima
740 2603 816 2654 nura
833 2584 975 2673 pudoris,

210 2705 333 2797 Carpus
351 2707 431 2777 catat
449 2708 554 2798 aquis:
574 2718 745 2799 pmparant
762 2710 820 2780 sibi
835 2729 966 2780 sumere
984 2720 1097 2792 vastas,

210 2831 296 2915 Quas
314 2831 448 2922 liquere,
468 2832 557 2915 aliae,
575 2832 739 2902 viridantis
757 2835 898 2924 margine
916 2833 1014 2924 ripae.

209 2957 366 3026 Lusurum
386 2957 525 3047 quidam,
546 2958 622 3049 quin
640 2959 783 3029 vestibus
801 2948 895 3030 annat
912 2969 1010 3042 artus

210 3079 415 3173 Denudatqne
433 3082 541 3172 pedes,
560 3081 710 3174 (namque
728 3083 920 3154 intoleranda
939 3085 1063 3155 videtur

210 3205 505 3298 Quantulacumque
522 3207 635 3300 mora),
658 3210 688 3278 in
708 3209 824 3278 claram
842 3229 877 3280 se
895 3211 1021 3300 conjicit
1038 3210 1164 3292 undam,

210 3329 255 3401 Ut
273 3331 427 3400 moriatur
447 3333 548 3422 aquis,
568 3331 657 3402 ardet
676 3351 750 3423 quo,
771 3333 912 3404 fervidus
929 3334 1022 3425 ignis.

530 3697 534 3706 '
651 3689 769 3753 LXXIV

211 3951 320 4044 thue
337 3951 421 4021 canis
439 3952 550 4022 solitus
568 3952 701 4043 lymphis
719 3962 845 4042 raptare
863 3953 1026 4022 volucrem

212 4075 324 4145 Sauria
343 4095 423 4166 quaa
442 4075 703 4158 Iuerit„vanandi
722 4077 878 4145 exercitus
890 4085 974 4158 arte,

212 4199 380 4271 Armatam
398 4201 561 4271 dominum
578 4201 741 4292 aspiciens,
762 4203 924 4290 ictumque
941 4211 1115 4292 parantem,

212 4326 317 4396 ardea
336 4346 398 4416 quo
416 4334 535 4416 pereat,
555 4326 744 4405 palnatum,
764 4325 895 4407 inscius,
915 4345 1023 4408 ansar3

212 4447 294 4519 Ante
313 4457 436 4518 trunam
455 4450 592 4519 sonitum
611 4469 706 4540 quam
724 4448 825 4519 Ianua
842 4448 946 4518 fistula
963 4449 1079 4532 mittat,

212 4574 323 4645 Desilit
340 4577 371 4643 in
390 4582 548 4666 stagnum,
569 4576 679 4656 currit,
700 4573 855 4664 latratque
872 4594 931 4664 par
947 4575 1062 4658 undas3

212 4698 381 4790 Impatians
396 4697 523 4788 juranis
540 4698 710 4790 nympham
728 4699 774 4770 sin
791 4699 914 4790 impetit
932 4719 1015 4780 acar,

213 4825 331 4894 Omnes
350 4843 446 4913 quun
465 4824 568 4892 dicunt
586 4822 704 4893 Phoebi
722 4845 784 4894 nun
804 4843 873 4894 assa
891 4843 1042 4894 sororem.
