3406 5378
900 397 1056 444 LUSI'ADAE

935 654 1009 718 xxt

404 842 406 851 '
487 887 812 907 ..............
823 837 981 918 Piarretar,

426 1011 480 1074 Pro
492 1012 543 1075 diis
558 1012 605 1094 qni
624 1012 746 1094 planetas
763 1024 873 1093 regunt,
890 1013 965 1094 qnod
982 1023 1074 1074 tannen
1086 1033 1141 1075 non
1153 1013 1255 1096 optime
1270 1025 1310 1076 ost
1324 1013 1439 1076 dictum.

478 1176 680 1268 Abrumpunt
700 1199 835 1269 regnum
844 1229 976 1246 ......

427 1351 518 1413 Satius
537 1353 620 1415 forat:

477 1516 547 1587 Jam
565 1518 710 1608 linquunt
728 1519 871 1609 regimen
880 1570 1012 1586 ......

922 1807 1029 1870 XXIV

476 1989 618 2069 Pectora,
640 1998 673 2060 ut
692 1992 850 2061 emineant
870 1993 940 2072 soli,
961 1992 1135 2083 sileantque
1155 1991 1283 2082 sepulti.

424 2181 465 2243 De
480 2182 564 2244 verbo
578 2183 662 2246 silere
684 2203 734 2265 pro
756 2190 865 2264 passivo
883 2183 956 2245 sileri
977 2183 1044 2265 jam.
1054 2204 1139 2266 sopra
1152 2183 1256 2248 dietum
1272 2197 1321 2247 est.
1338 2183 1428 2263 Hujus
1444 2181 1565 2264 strophae

369 2293 479 2342 sontum
493 2293 520 2342 et
534 2282 682 2362 septimum
697 2303 794 2345 torsus
808 2294 961 2344 mutarem:

475 2463 611 2535 Docorni
630 2464 696 2535 iore
714 2465 867 2535 Lusiorlos
886 2471 1035 2557 terraque
1054 2467 1212 2558 marique,

475 2591 599 2682 Utinm
616 2613 678 2661 non
696 2592 785 2683 parili
806 2601 934 2661 votoros
953 2591 1154 2664 celebrentur
1173 2592 1308 2664 honore.

926 2881 1016 2945 XXV

475 3063 625 3134 Contudit
643 3065 790 3146 assiduis,
811 3066 943 3154 proclivi
963 3067 1081 3148 sidero,
1102 3067 1204 3136 bellis.

422 3233 519 3300 Sidere
524 3237 709 3320 prociioinon
719 3239 786 3302 mihi
796 3239 938 3301 satisfacit.
1009 3268 1012 3274 ยน

473 3403 587 3494 Inclyta
607 3425 685 3494 gons
706 3405 829 3484 crebro,
852 3405 953 3474 [aristo
972 3405 1147 3488 corrarnino,
1164 3405 1250 3476 vicit.

905 3699 1030 3762 XXVII

482 3883 601 3952 ...obi
623 3884 709 3952 tarda
728 3893 880 3968 moratur,
902 3894 963 3956 etc.

420 4056 492 4128 Quid
509 4057 560 4118 sibi
573 4056 637 4120 reiit
652 4057 788 4139 interpres
801 4077 857 4120 non
873 4059 943 4121 beno
958 4077 1101 4140 assequor.
1113 4031 1282 4120 scribonem:

481 4237 600 4306 ...ubi
620 4237 710 4329 longa
730 4249 873 4310 moratur

472 4433 562 4504 Clara
582 4433 648 4505 dios
668 4435 774 4516 terrio,
796 4445 828 4506 ot
845 4436 902 4505 nbi
921 4437 1030 4506 tostino
1050 4438 1181 4508 reordit.

417 4607 490 4671 Aut:

469 4775 550 4844 Soiis
569 4775 622 4844 lux
642 4778 745 4855 torro,
767 4785 798 4845 ot
817 4776 871 4845 noi
890 4777 1001 4845 sostinn
1021 4777 1152 4848 recedit.
