3384 5372
572 492 661 538 LIBER
680 489 813 540 uncinus

646 749 737 811 xvrb

193 1011 333 1101 Septima
352 1010 488 1080 crudelis
507 1011 679 1081 flammabit
698 1021 825 1101 pectora
844 1033 963 1103 pugna:

194 1134 350 1226 (Eventus
367 1138 471 1227 pergit
489 1135 671 1226 praedicere
688 1135 832 1226 Nympha
851 1136 987 1226 futuros)

196 1258 298 1328 irruet
316 1259 348 1328 in
367 1259 467 1328 Lusos
485 1259 589 1329 subito
608 1259 792 1328 teterrimus
808 1259 921 1342 bostis;

195 1381 316 1452 biberet
334 1392 366 1452 at
383 1382 467 1452 victo
486 1382 590 1452 rabies
608 1382 756 1452 frustrata
775 1383 942 1473 pudorem.

196 1506 324 1596 Lignea,
344 1505 477 1576 terribili
497 1515 620 1586 conatu,
640 1506 782 1576 machina
801 1505 876 1576 belli

195 1630 342 1712 Accedet,
362 1632 507 1704 minitans
526 1631 628 1713 Lusis,
645 1631 711 1721 jam
728 1633 884 1722 proxima,
904 1631 1036 1714 cladem,

195 1757 333 1826 Navibus
351 1765 387 1826 ut
405 1756 497 1826 iaciat
514 1757 634 1846 magnis
653 1777 840 1827 concurrere
858 1778 966 1839 navos,

197 1884 285 1967 Quae
304 1881 424 1952 fuerant
443 1882 558 1952 frustra
579 1883 758 1952 truculento
775 1892 877 1954 marte
895 1885 1019 1973 petitae.

658 2243 724 2304 XIX

196 2504 296 2573 Ducet
316 2506 405 2594 aquis
423 2505 521 2594 ignes
542 2505 623 2574 miro
642 2507 822 2586 tentamine,
844 2505 966 2586 edaces

196 2628 241 2699 Ut
261 2637 356 2698 totam
375 2627 508 2717 perdant
527 2629 667 2698 immissa
687 2629 827 2698 incendia
845 2630 990 2700 classem:

196 2751 281 2821 Haec
299 2759 402 2822 tamen
421 2753 536 2843 ingenii
555 2753 603 2822 vis
620 2755 724 2822 omnia
743 2753 845 2824 vincet
863 2762 905 2834 et,
926 2755 1002 2824 artis

196 2876 333 2956 Auxilio,
354 2877 500 2948 ardentes
518 2878 659 2948 flammas
678 2887 855 2949 contemnet
874 2888 906 2948 et
924 2886 1021 2949 astus.

195 3001 296 3072 Nemo
315 3004 368 3090 qui
388 3001 482 3070 suerit
500 3001 658 3092 mrondam
677 3002 856 3092 praeclarus
875 3005 906 3072 in
925 3004 1031 3084 armis,

93 3151 100 3165 ·
196 3124 237 3194 Et
257 3125 346 3215 cujus
364 3125 473 3195 volitet
490 3144 604 3194 nomen
624 3125 758 3195 sublime
777 3145 835 3216 per
854 3125 976 3208 orbem,

198 3250 279 3318 Huic
297 3251 432 3341 palmam
451 3250 562 3341 eripiet
580 3250 706 3320 uirtutis
724 3251 839 3320 robore
859 3253 979 3321 clarae:

198 3374 328 3444 Graecia
346 3374 399 3444 det
418 3375 551 3456 veniam,
571 3375 696 3445 veniam
714 3375 766 3445 det
783 3377 896 3445 martia
915 3377 1023 3446 Roma.

665 3733 720 3795 XX

198 3997 256 4066 Tot
274 3995 359 4065 fusas
377 3996 471 4075 ocios,
493 3995 692 4087 coniectaque
711 3996 839 4085 praelia,
860 3997 935 4066 solis

198 4121 257 4190 Vix
277 4140 371 4211 supra
391 4129 517 4189 centum
535 4121 626 4190 sociis
645 4121 699 4211 qui
714 4121 800 4211 jussa
819 4129 992 4211 capessant,

198 4243 328 4312 Insidias
346 4263 457 4313 omnes
476 4244 587 4314 vitatas
605 4245 719 4315 robore
738 4253 770 4314 et
787 4253 868 4325 astu,

198 4368 321 4458 Totque
341 4369 437 4438 duces
457 4367 562 4448 validi,
583 4369 663 4438 duro
682 4369 862 4448 certamine,
882 4369 993 4449 victos

199 4491 358 4562 Venturae
376 4500 483 4582 gentes
502 4501 556 4562 aut
574 4493 694 4562 somnia
712 4513 788 4562 rana
806 4491 973 4583 putabunt,

199 4616 263 4687 Aut
281 4617 421 4707 Superos
440 4618 578 4698 credent,
599 4619 750 4708 precibus
764 4619 909 4708 votisque
927 4625 1063 4698 vocatos,

199 4741 361 4812 buxilimn
379 4743 470 4813 Lusis
488 4753 671 4834 promptum
691 4744 813 4814 venisse
831 4743 977 4823 ferentes,

200 4866 303 4958 Atque
323 4867 384 4938 iliis
404 4869 535 4950 animos,
556 4879 641 4939 astus
660 4869 821 4960 roburque
841 4867 974 4939 dedisse.

273 4983 298 5022 24
