3384 5372
577 481 665 528 risun
689 483 790 529 nonus

666 737 703 798 Vl

189 1002 277 1091 Ergo
294 1000 346 1070 bic
364 1021 460 1091 quem
478 1001 580 1069 mauri
598 1003 731 1069 minime
749 1002 848 1070 vitare
867 999 1020 1082 solebant,

190 1125 293 1210 Qubd,
311 1126 412 1215 patria
429 1145 570 1206 maums,
589 1125 653 1215 legi
673 1125 802 1215 parebat
821 1125 935 1205 eidem,

189 1250 231 1320 Et
248 1251 298 1320 cui
317 1258 391 1319 nota
407 1258 514 1339 patent
531 1250 639 1320 hostes
658 1269 873 1341 quaecumque
892 1251 1052 1340 parabant,

190 1372 324 1443 Consilia
343 1373 468 1442 illorum
487 1373 611 1443 fraudes
630 1381 660 1442 et
679 1373 796 1463 detegit
815 1394 935 1444 omnes.

189 1498 291 1588 Saepe
308 1506 392 1567 rates
409 1499 500 1588 longe
519 1499 637 1589 positas
657 1499 771 1578 invisit,
793 1499 892 1568 amico

190 1624 322 1694 Pectore
341 1623 452 1692 damna
470 1625 542 1714 pius
560 1632 709 1714 reputans
728 1625 912 1704 certissima,
932 1625 1025 1695 Lusis

190 1749 278 1833 Quae
294 1755 385 1837 parat
403 1747 571 1818 immeritis
590 1767 667 1836 gens
685 1748 880 1828 Sarracenia,
901 1749 986 1818 nullo

190 1871 288 1941 Laesa
306 1871 390 1950 dolo,
411 1871 514 1941 studio
533 1879 656 1941 tantum
675 1870 834 1942 stimulata
851 1872 996 1942 nocendi.

662 2229 710 2290 VH

190 2491 347 2562 Admonet
364 2499 518 2561 attentum
536 2493 668 2562 Gamam
687 2511 765 2582 quas
782 2492 872 2563 lleoa
890 2496 1056 2583 quotannis

189 2616 276 2689 Urbs
289 2615 431 2686 Arabum
448 2619 552 2685 mittat
570 2615 711 2685 Calecuti
730 2615 762 2684 in
780 2615 886 2685 littora
905 2616 1028 2692 classes,

190 2740 275 2824 Quas
293 2738 386 2809 modo
404 2746 586 2829 praesentes
602 2739 683 2808 votis
702 2738 885 2808 ardentibus
902 2748 1011 2829 optant

190 2864 311 2946 Allore,
332 2867 396 2956 quo
413 2866 505 2935 Lusis
522 2865 685 2935 teterrima
704 2864 812 2934 lunera
831 2875 972 2955 portuum

191 2991 275 3060 Nam
293 2991 400 3060 solitas
417 2989 493 3059 dicit
511 3011 679 3060 numeroso
697 2991 797 3060 milite
816 2991 894 3060 letas

190 3115 366 3186 Horribiles
383 3119 518 3186 tonitrus
532 3115 674 3196 Vulcani,
697 3125 728 3185 et
746 3115 874 3185 lulmina
893 3116 990 3186 lerre:

191 3241 289 3312 Gema
308 3243 406 3332 igitur
424 3250 530 3310 carcat
549 3261 588 3311 ne
607 3243 647 3311 sit
665 3251 741 3310 tunc
759 3241 892 3311 obrutus
911 3242 1006 3312 armis

190 3367 289 3451 Queis
306 3367 385 3438 lorte
402 3367 486 3436 baud
505 3367 622 3456 poterit
640 3368 778 3458 propriis
796 3367 947 3437 obsistere
965 3369 1076 3439 victor.

654 3727 715 3790 viu
796 3703 800 3714 '

163 3961 170 3972 ⁶
190 3988 289 4058 Gema
306 3988 413 4069 etiam,
432 3990 569 4058 memori
587 3997 712 4080 reputat
731 3991 784 4079 qui
804 3999 910 4059 mente
930 4011 1091 4080 regressus

189 4113 328 4203 Tempus
346 4111 455 4183 adesse
475 4114 535 4194 sui,
555 4124 712 4204 ventoque
731 4112 855 4183 afflante
874 4115 992 4195 vocari,

189 4236 303 4327 Nilque
323 4236 383 4306 sibi
401 4237 516 4306 melius
535 4237 725 4328 sperandum
743 4257 760 4305 a
778 4257 854 4327 rege
876 4237 1011 4319 videbat,

190 4361 251 4446 Qui
269 4359 524 4430 blabometandm
542 4370 605 4431 tam
625 4362 695 4432 diro
714 4361 843 4432 ardebat
861 4381 984 4444 amore;

189 4487 248 4556 His
266 4504 344 4574 quos
363 4484 395 4551 in
413 4505 526 4575 magna
546 4507 617 4554 cum
636 4485 796 4556 mercibus
814 4485 894 4554 urbe
914 4485 1042 4576 reliquit

189 4610 346 4699 Praecipit
362 4615 399 4676 ut
418 4619 548 4678 caveant
566 4611 702 4690 Mauros,
725 4619 959 4702 properentque
977 4611 1095 4693 redire;

189 4732 252 4804 Sed
270 4753 310 4802 ne
328 4733 410 4801 lama
428 4731 543 4822 loquax
562 4743 629 4802 tum
648 4733 880 4804 discedentibus
897 4735 1009 4814 obstet,

189 4859 291 4928 Moliri
313 4855 395 4925 rlam
414 4867 525 4925 cuncta
542 4858 642 4946 jubet,
663 4859 834 4948 brrtinrque
854 4861 980 4930 reverti.
