3394 5372
622 452 847 544 trenntsenrns

673 721 793 784 XXXVI

236 987 369 1056 Proteus
387 984 441 1054 sed
459 986 580 1054 cunctis
598 983 700 1054 audax
717 984 840 1054 obsistit
858 993 900 1064 et,
920 995 991 1055 ente
1111 1069 1112 1074 Ἰ

236 1112 338 1196 Quam
356 1119 497 1190 ruerent,
517 1108 618 1178 vetuit
632 1109 767 1180 fatorum
786 1130 896 1180 arcana
914 1110 1042 1180 decere:

235 1237 301 1306 Nec
318 1235 451 1305 dubium
470 1236 559 1315 diris,
580 1237 654 1326 quin
674 1255 785 1325 magna
804 1237 930 1305 oracula
950 1235 1043 1305 corde

234 1359 395 1440 Volneret,
416 1368 527 1448 argute
546 1379 626 1450 quae
645 1359 802 1448 praescius
820 1357 928 1429 ederet
945 1379 1016 1429 ere:

236 1485 264 1554 Is
283 1483 545 1582 tamengennritur
563 1481 709 1552 dirorum
729 1484 760 1551 In
779 1482 853 1553 sede
872 1482 1025 1552 tumuitus

235 1609 413 1698 Aequorea,
435 1617 602 1698 tantusque
620 1607 707 1677 furor
726 1618 907 1698 pervaserat
924 1627 1045 1688 omnes,

235 1731 374 1820 Auguris
393 1741 427 1800 ut
445 1732 551 1800 Thetis
569 1731 734 1822 indignans
753 1733 975 1820 compresserit
994 1751 1121 1806 ausum

234 1857 315 1936 Noli,
335 1857 488 1935 clamarit,
505 1856 641 1946 Neptuni
659 1855 813 1924 obsistere
829 1855 934 1945 jussis.

661 2215 794 2278 XXXVII

232 2481 300 2550 Iam
319 2489 409 2569 pater
426 2441 618 2568 HIppotades
637 2479 758 2566 magniS
776 2479 919 2547 emittere
939 2449 1083 2548 clanstris
1114 2533 1115 2536 ,

231 2603 395 2693 Coeperat,
415 2601 588 2690 indignans,
609 2601 768 2671 nimboses
785 2601 912 2672 turbine
930 2609 1049 2680 rentes,

231 2727 317 2797 Voce
335 2728 430 2806 ciem,
449 2705 630 2814 crebrisque
649 2745 763 2794 acuens
780 2723 845 2793 Iera
862 2725 979 2815 praelia
997 2726 1117 2795 verbis:
1141 2781 1144 2786 .

236 2851 299 2920 «Ite
318 2851 381 2928 citi,
401 2851 485 2919 vires
502 2848 662 2931 intendite,
682 2849 815 2938 mergite
834 2869 961 2918 nares.»

143 2999 150 3006 ·
231 2975 370 3046 Obnuhit
389 2995 506 3064 purum
524 2973 629 3043 subito
647 2994 706 3043 nox
724 2971 851 3042 horrida
870 2973 1008 3054 ccelum;
1068 2993 1077 3013 ⁴

229 3102 298 3171 Non
317 3101 394 3170 alias
411 3098 538 3189 rapidae
556 3099 602 3168 vis
620 3119 655 3173 se
673 3099 887 3168 vehementior
905 3119 999 3168 aurae

167 3243 174 3258 ·
229 3223 359 3302 Effudit,
380 3223 554 3312 crescitque
573 3221 647 3291 feris
665 3223 712 3291 vis
729 3221 872 3312 improba
891 3225 1001 3305 ventis,
1117 3253 1127 3262 ·

230 3350 361 3438 Iamque
382 3347 508 3418 trahunt
526 3356 607 3416 tecta
626 3355 656 3416 et
675 3354 791 3426 terrm,
811 3354 998 3437 mentesque
1016 3348 1150 3418 ruinam.
1172 3406 1175 3412 .

651 3706 796 3768 XXXVIII

228 3969 341 4060 Atque·
353 3989 388 4039 ea
408 3969 570 4039 caerrdeae
588 3968 671 4038 sedis
689 3969 765 4038 dum
785 3979 874 4058 parte
894 3979 1058 4058 geruntur,

228 4093 382 4163 Divornm
399 4091 514 4162 Oceani
533 4101 660 4163 coetum
679 4102 810 4183 cogente
829 4093 942 4181 Lyaee,

228 4219 296 4288 Iam
315 4219 453 4308 gaudens
472 4217 592 4308 placide
611 4225 778 4286 ventorum
797 4216 932 4296 flamine,
953 4222 1020 4285 tntd

227 4347 320 4415 Sorte
339 4345 464 4414 tenebat
483 4345 542 4413 iter
560 4344 727 4434 tranquilla
745 4363 804 4433 per
821 4363 957 4433 aequora
975 4343 1092 4412 classis.

228 4469 364 4558 Tempus
382 4477 449 4537 erat
468 4467 521 4536 Iun
539 4468 620 4537 alma
640 4468 712 4557 pole
731 4487 831 4556 quum
849 4464 943 4535 distat
960 4467 1038 4544 Eoo,

195 4643 199 4655 .
227 4593 267 4661 III
282 4592 347 4682 jam
366 4613 446 4682 pirae
465 4592 585 4682 primas
603 4592 702 4661 nectis
721 4592 902 4680 vigilaverat
921 4591 1025 4670 heras,

226 4716 356 4785 Nautica
371 4715 543 4805 jucundam
562 4713 710 4805 poscebat
728 4715 820 4785 turba
839 4716 989 4804 quietem,

226 4839 415 4914 PermIttens
434 4839 502 4910 aliiS
520 4839 611 4909 sociis
631 4840 760 4929 vigilare
781 4839 929 4909 vicissim.

336 5033 348 5077 t
