3406 5378
523 361 671 469 nornine
689 385 722 434 rn
740 383 857 435 ennena
875 385 995 435 rnrnnrr

721 645 797 711 xlv

278 734 344 804 Nec
362 740 472 825 potare
491 733 601 814 sinet„
618 783 626 798 .
645 783 652 799 .
670 783 677 800 .

207 926 292 990 Plura
305 926 352 987 hic
365 924 520 999 offendunt,
536 923 687 988 Camenius
702 923 795 987 dicere
810 923 912 986 voluit:
929 922 989 986 Nec
1010 921 1181 986 carminibus
1201 920 1273 982 meis
1287 919 1358 983 cele·

152 1023 233 1088 hrare
246 1023 397 1088 obliviscar
408 1021 495 1099 rirns,
507 1035 560 1086 ete.
576 1023 668 1100 Facta,
682 1023 740 1086 sire
755 1033 832 1104 gesta
845 1040 902 1085 nnn
917 1021 986 1084 bene
1001 1021 1132 1086 dicuntur
1146 1019 1287 1102 belligera.

256 1210 400 1300 Tangere
410 1257 688 1278 ............
699 1206 804 1278 sidera
824 1205 932 1289 saetis:
1018 1249 1026 1271 .

201 1400 318 1466 Locutio
332 1411 374 1463 est
388 1400 447 1474 vir,
463 1411 510 1464 aut
524 1419 560 1463 ne
574 1399 623 1462 rix
637 1399 761 1482 quidem,
781 1398 933 1462 toleranda.

720 1685 778 1750 XV

252 1771 406 1862 Incipiam
425 1771 610 1842 sentire...
628 1821 635 1838 .

199 1962 275 2026 Haec
290 1965 406 2027 confusa
419 1974 446 2026 et
459 1963 600 2027 salebrosa
614 1961 757 2026 videntur.

162 2247 163 2250 Ἴ
257 2147 541 2218 ...molire.....

141 2343 144 2354 ·
194 2327 297 2393 Metire
312 2331 437 2392 habenas
453 2329 522 2392 dixit
531 2327 674 2410 Virgilius
693 2301 795 2391 Aliter:

247 2510 375 2604 Imperii
391 2513 459 2604 Janr
479 2533 569 2584 surne
588 2507 646 2591 tui,
669 2519 830 2604 regnator,
851 2505 999 2581 habenas.

705 2791 781 2857 xttr

245 2976 353 3060 Inrita,
373 2981 511 3048 mereari
530 2999 686 3068 generum
704 2979 791 3071 eupit
810 2975 956 3048 omnibns
976 2976 1082 3048 undis

189 3165 295 3244 incita,
307 3190 485 3264 nequaquam
500 3183 588 3254 potest
599 3171 721 3260 probarit,
734 3183 761 3234 et
772 3170 848 3234 deest
858 3167 889 3231 τὸ
901 3179 938 3246 te,
952 3189 1025 3254 quae
1035 3189 1088 3232 rnx
1102 3170 1191 3234 omitti
1204 3173 1301 3256 nequit
1314 3187 1344 3239 ut

137 3283 236 3330 sensus
249 3281 365 3333 constet.
379 3271 437 3352 Ege
447 3271 561 3353 quidem
576 3271 644 3334 duos
659 3271 771 3334 ultimos
785 3267 869 3352 hujus
884 3269 1009 3352 strophes
1019 3285 1117 3332 versus
1132 3266 1172 3333 sie
1186 3281 1340 3338 mutarem:

242 3453 331 3537 Quae
350 3462 440 3545 capta
459 3463 591 3546 aspectu
610 3473 672 3546 qun
691 3461 737 3537 tu,
758 3447 910 3536 formose,
930 3449 1070 3536 renides,
1096 3495 1098 3500 ·
1148 3489 1149 3492 ¹

241 3577 286 3647 Tc
305 3577 367 3648 sibi
385 3580 453 3649 vult
472 3599 629 3671 generum
647 3580 822 3651 mercarier
841 3579 989 3652 omnibus
1007 3579 1111 3651 undis,

677 3863 793 3946 'xtrrr
818 3865 821 3870 ·

238 4045 327 4118 ilicet
347 4045 471 4137 argenti
489 4047 595 4118 cernis
614 4047 692 4118 vada
713 4048 795 4118 salsa
815 4055 968 4118 secantes.
1045 4045 1052 4062 '

185 4238 264 4304 Ferri
279 4259 335 4302 nnn
349 4251 446 4322 potest.
455 4225 593 4323 'Repnnm

237 4421 357 4515 Aspice
375 4444 459 4495 nunc
478 4431 605 4496 vestros
624 4422 727 4516 pelagi
745 4425 825 4496 vada
843 4425 923 4496 salsa
942 4433 1097 4497 secantes.

182 4597 251 4662 Vel:

232 4763 350 4855 Aspice
369 4783 453 4835 nune
473 4773 612 4849 vestroe,
632 4763 801 4857 Princeps,
817 4765 897 4840 vada
917 4767 1001 4840 salsa
1020 4777 1177 4841 secantes.
1221 4761 1224 4766 “
