3394 5372
551 508 638 554 ldBER
664 470 812 557 snr'lllltls

622 767 743 830 XXXVI

185 1033 271 1100 Hano
290 1051 390 1121 puero
409 1029 513 1111 donat,
533 1031 722 1120 titulumque
742 1038 772 1100 et
787 1030 859 1120 jura
876 1031 1017 1119 supremi

184 1156 323 1246 Imperii,
345 1153 381 1224 rit
398 1174 490 1244 reges
508 1173 589 1223 unus
607 1153 793 1224 dominetur
806 1157 837 1223 in
856 1173 975 1224 omnes

183 1277 324 1351 Tandem
341 1281 442 1350 alacer
461 1280 575 1349 direxit
592 1280 653 1349 iter
672 1283 734 1370 qu'o
752 1279 814 1348 lata
832 1279 996 1357 vorabant,

183 1405 284 1496 liegat
302 1405 357 1475 ubi
376 1408 492 1484 sanate,
513 1413 543 1474 et
563 1413 691 1494 peragat
709 1405 777 1474 sine
794 1404 924 1473 erimine
942 1404 1049 1473 vitam.

184 1531 265 1599 Hino
282 1530 438 1598 Zamorini
456 1550 645 1622 nomenque,
666 1529 826 1618 decusque
844 1530 979 1618 potentis

183 1627 305 1736 Entitit,
327 1655 377 1723 hie
395 1654 474 1723 ririt
492 1655 572 1724 lama
592 1673 688 1744 super
707 1654 833 1722 aethera
852 1661 955 1723 notua.

184 1779 250 1848 lloe
268 1799 380 1848 nomen
399 1799 498 1867 puero
516 1779 669 1847 Zamarini
689 1778 825 1846 eonstitit
844 1778 914 1868 ipsi,

183 1903 222 1970 Et
240 1903 321 1992 proli
341 1911 371 1970 et
391 1904 457 1992 regi
477 1903 527 1971 oiri
546 1923 627 1971 nune
646 1911 692 1970 est
711 1923 831 1970 summa
852 1909 999 1991 potestas.

610 2263 741 2325 XXXVH

183 2528 284 2610 Quam
302 2527 405 2616 legem
424 2535 529 2596 serrat
547 2545 623 2616 gens
641 2525 763 2604 nobilis,
784 2525 909 2614 imaque
929 2522 1019 2592 turba

182 2650 399 2732 Communem,
420 2651 541 2741 fingunt
558 2651 710 2721 insomnia
728 2669 805 2718 vana
823 2647 933 2736 liguris

182 2775 326 2844 Fiotitiis:
346 2775 437 2844 nudis
455 2795 524 2844 mos
542 2784 588 2844 est
608 2774 769 2844 incedere:
791 2792 923 2863 pannus,

181 2899 266 2982 Quos
284 2899 390 2969 docuit
408 2907 518 2968 natura
536 2902 609 2990 tegi,
630 2903 752 2968 lantum
771 2897 890 2988 obtegit
910 2905 1006 2964 artus.

180 3024 298 3114 Estque
316 3044 416 3114 genus
433 3023 548 3112 duplex
566 3023 692 3113 populi:
712 3043 785 3113 pars
803 3022 915 3112 inclyta
934 3020 1054 3111 Nayres
1093 3049 1096 3054 Α

180 3147 292 3218 Nobile
309 3167 425 3217 nomen
443 3147 547 3227 habet,
567 3167 639 3236 pars
658 3147 764 3216 infima
783 3166 858 3215 rooo
876 3145 1003 3215 Polaeas

179 3271 316 3341 Dioitur:
337 3273 461 3361 antiquat
480 3273 614 3341 vetitum
633 3273 722 3362 queis
740 3273 810 3360 lege
829 3279 985 3340 vetustam
1112 3367 1114 3372 Ι

179 3395 301 3466 lllisoeri
320 3395 471 3474 sobolem,
493 3395 618 3464 thalami
638 3398 685 3465 vel
705 3385 831 3467 loedere
846 3395 947 3486 jungi.

601 3755 743 3818 XXXVssl

177 4019 316 4108 Quisque
335 4039 429 4088 sunm
446 4019 567 4109 peragit
584 4039 713 4088 munus:
735 4018 817 4108 quod
839 4019 972 4108 quisque
989 4018 1150 4108 protessus

177 4143 245 4212 Hoo
262 4150 362 4212 tenet:
383 4143 510 4212 alterius
527 4163 689 4232 nunquam
707 4142 862 4212 connubia
876 4142 1013 4231 jungunt
1074 4198 1076 4205 .

176 4268 359 4358 Sanguinis:
381 4288 398 4335 a
415 4267 528 4357 priscis
545 4272 646 4336 artem
665 4287 812 4337 exeruere
831 4275 976 4337 tenentur

175 4390 346 4482 dereptam
363 4392 507 4482 patribus
525 4413 672 4484 suprema
691 4393 730 4462 ad
748 4392 856 4462 lunera
875 4393 950 4460 nati.

175 4515 333 4604 Nayribus
351 4525 398 4585 est
417 4499 552 4586 immane
571 4518 685 4597 soelns,
706 4518 831 4606 silorte
849 4517 979 4586 Polaeae

175 4641 308 4710 Raditur
325 4650 451 4722 attactu,
472 4652 557 4712 tanto
576 4663 610 4712 se
629 4644 759 4713 crimine
776 4643 875 4713 credit

174 4765 343 4844 Pollntum,
364 4777 399 4835 ut
418 4743 547 4858 quaerat
566 4767 625 4836 sibi
645 4768 730 4837 mille
748 4768 879 4857 planula,
900 4751 980 4837 ritus
1110 4771 1111 4774 ’

173 4888 258 4960 Mille
280 4901 383 4968 noret,
405 4901 498 4980 queat
519 4903 550 4960 ru
571 4892 674 4961 laeum
697 4892 853 4982 depellere
873 4893 991 4963 sordes.
