3384 5370
564 451 652 497 91999
672 453 831 498 sumanus

628 708 768 770 Lxxxm

201 972 241 1041 Et
261 971 410 1062 quoniam
429 971 507 1060 Regi
526 971 642 1040 debent
660 981 822 1061 praestaro
841 973 969 1041 clientes

199 1095 319 1176 Munia,
340 1115 420 1186 quae
438 1105 595 1186 praestant
614 1095 706 1184 capiti
725 1115 804 1185 quae
822 1096 963 1165 membra
983 1094 1158 1178 cohaerent,

200 1219 245 1288 T'e
265 1219 367 1298 decet,
386 1229 422 1288 ut
440 1219 535 1308 Regis
554 1220 608 1309 qui
627 1238 759 1288 munere
778 1219 928 1308 longerie,
948 1218 1026 1288 illud

201 1344 400 1434 Obsequium
417 1343 501 1412 baud
519 1344 680 1433 reprobes,
702 1345 778 1434 quin
798 1353 863 1414 toto
877 1353 1003 1433 pectore
1020 1343 1138 1423 firmes,

199 1469 256 1539 1119
274 1477 380 1538 991919
398 1469 529 1558 spondet
546 1469 612 1538 1919
630 1473 664 1539 se
683 1469 714 1538 in
733 1477 785 1538 tua
804 1489 932 1538 munera
952 1477 1087 1559 gratum,

200 1592 399 1684 Hospitiique
418 1592 522 1672 decus,
544 1593 694 1684 quicquid
713 1602 786 1662 tuus
805 1593 907 1682 exigat
925 1613 1012 1674 nsua,

200 1717 306 1807 Seque
324 1735 460 1806 suosque
478 1737 587 1788 omncs
606 1717 718 1786 animis
736 1726 894 1806 praestare
912 1725 1049 1807 paratos,

201 1841 234 1909 19
253 1861 341 1910 mare
360 1839 436 1909 dum
453 1841 587 1930 lymphis
607 1841 697 1912 ibunt
715 1842 914 1911 currentibus
933 1862 1050 1911 amnes.

628 2200 759 2262 LXXXV

200 2461 284 2531 Haec
303 2462 358 2530 ubi
377 2460 460 2530 dicta
479 2461 576 2541 dedit,
597 2463 692 2530 variis
710 2463 907 2544 sermonibus
925 2483 1034 2532 omnes

198 2587 382 2668 Miscentur;
403 2587 470 2657 lusu
488 2587 589 2658 Mauri
607 2587 647 2657 de
665 2596 758 2678 gente
777 2589 962 2691 loquuntur5

198 2711 353 2802 Egregios
370 2711 498 2782 laudant
515 2713 645 2794 animoa,
666 2713 780 2804 quibus
799 2733 933 2804 aequora
953 2713 1084 2792 sulcant,
1175 2711 1181 2726 '

199 2835 403 2927 Diversisque
421 2837 483 2926 poli
502 2856 571 2907 sese
589 2837 773 2928 regionibus
790 2837 906 2908 audent

199 2958 351 3044 Credere;
373 2962 527 3031 mirantur
545 2962 675 3051 Regem,
696 2962 851 3030 mirantur
869 2982 1008 3030 amorem

197 3086 364 3167 Lusorum,
385 3088 634 3178 obsequiumque
652 3088 769 3168 colunt,
789 3107 969 3176 secumque,
989 3087 1132 3167 silentes,

199 3209 319 3294 Quanta
337 3211 377 3280 sit
395 3211 479 3282 illius
497 3220 645 3302 reputant
664 3213 837 3282 reverentia
856 3212 963 3302 Regis,

199 3332 295 3426 Cujus
314 3334 345 3404 in
364 3345 520 3406 extremas
537 3335 645 3405 mundi
661 3336 713 3426 jus
731 3345 868 3406 transeat
886 3358 966 3408 oras.

502 3657 508 3668 ’
617 3696 761 3758 9199111

197 3955 281 4046 Ergo
302 3954 405 4026 alacer
423 3958 488 4026 Rex
508 3964 539 4026 et
558 3957 657 4026 laetus
675 3977 823 4047 responsa
841 3958 972 4027 remittit

196 4079 324 4170 Legato,
344 4099 457 4170 magno
477 4101 570 4170 quem
589 4079 710 4150 dudum
728 4080 856 4150 ardebat
874 4100 995 4150 amore:

195 4205 287 4275 Nulla
305 4205 394 4274 ducis
411 4207 507 4276 vestri
526 4204 692 4296 perturbet
710 4208 802 4276 noxia
821 4215 959 4276 mentem

196 4329 352 4420 Suspicio,
372 4329 483 4420 gelidis
500 4349 559 4399 neo
577 4351 610 4400 se
628 4331 724 4400 timor
741 4331 864 4400 ossibus
882 4329 983 4410 indat3

194 4453 338 4542 Namque
356 4461 427 4523 tuos
444 4454 556 4534 vinus,
577 4463 684 4544 gratae
703 4462 734 4523 et
752 4453 917 4544 praeconia
936 4454 1034 4523 lamae

195 4578 351 4648 Fecerunt
368 4576 482 4648 claros:
503 4587 569 4649 toto
588 4577 786 4648 celebrantur
805 4579 836 4646 in
854 4579 941 4648 orbe.

194 4698 298 4792 Atque
317 4700 394 4770 adeo
414 4703 466 4791 qui
486 4711 517 4804 te
535 4701 670 4792 bospitio
688 4705 791 4772 minus
810 4703 939 4793 excipit,
959 4703 1011 4772 ille

193 4825 254 4894 Vix
272 4825 444 4916 quidquam
463 4827 562 4916 possit
580 4828 803 4920 comprendere
821 4836 947 4918 pectore
962 4849 1122 4918 magnum.
