3384 5370
488 1357 887 1482 Luscinia]

556 1887 657 1944 ldBER
676 1887 822 1944 TERTIUS

679 2223 691 2284 1

192 2484 294 2565 Nunc,
313 2505 385 2574 age,
405 2483 555 2576 Calliope,
576 2507 627 2556 ma
646 2506 762 2576 rosque
781 2495 814 2556 et
832 2487 910 2556 iacta
929 2487 1050 2566 doceto,

192 2608 324 2678 illustris
341 2610 443 2700 potuit
462 2629 542 2700 quac
561 2609 641 2700 Regi
661 2629 819 2700 exponere
838 2610 947 2690 Gema,

192 2732 372 2803 immortale
390 2734 490 2804 melos
508 2735 634 2825 inspira,
656 2743 687 2803 et
705 2733 799 2804 corda
817 2734 922 2804 furore

192 2856 302 2926 imbue
321 2857 439 2938 divino,
460 2879 540 2949 quae
560 2867 646 2928 tanto
666 2857 812 2927 accendis
829 2878 951 2940 amore;

192 2981 245 3051 Sic
262 3001 386 3072 precor,
408 2983 538 3072 insignis
555 2982 729 3052 medicinae
747 2981 904 3061 inventor,
924 2991 956 3050 et
974 3003 1102 3072 auspex,

192 3105 252 3189 Qui
270 3107 434 3197 pulchram
452 3107 574 3196 egregii
593 3115 727 3176 matrem
746 3115 776 3175 te
797 3105 933 3176 reddidit
952 3105 1083 3196 Orphei,

191 3229 255 3300 hut
272 3229 402 3320 Clytius,
423 3238 475 3300 aut
493 3230 699 3310 Leucothoes,
719 3239 773 3300 aut
791 3229 963 3320 Daphnidis
983 3230 1082 3321 ignes,

190 3355 235 3426 Ut
252 3355 344 3434 sodet,
366 3355 419 3424 ilie
438 3363 493 3424 tuo
512 3375 673 3444 nunquam
692 3364 865 3446 praeponat
883 3355 994 3426 amori.

674 3713 702 3776 ΙΙ

190 3977 238 4047 Tu
255 3975 418 4068 precihus,
439 3985 474 4047 tu
490 3977 645 4068 Nympha,
665 3978 755 4058 meh,
776 3998 900 4068 precor,
920 3979 1133 4058 annuemus,

190 4101 224 4170 Si
243 4101 321 4193 qarid
339 4111 447 4170 noster
465 4121 563 4182 amor,
584 4101 611 4172 si
629 4101 705 4192 lysia
723 4101 802 4171 iacta
820 4110 996 4183 merentur,

190 4227 347 4298 Omnibus
363 4236 399 4297 ut
417 4235 533 4317 pateat,
555 4248 616 4318 quo
634 4227 762 4298 devehit
780 4246 896 4297 aureus
913 4247 1040 4298 amnem

189 4351 289 4421 Fonte
308 4351 423 4441 Tagum,
443 4370 572 4421 manare
591 4371 694 4420 sacras
711 4349 925 4441 Aganippidos
941 4351 1051 4424 undas.
1181 4419 1186 4435 ,

188 4475 309 4546 Desere
326 4475 471 4566 Nympha
490 4495 587 4556 rosas,
606 4475 754 4546 viridaria
772 4475 885 4545 desere
903 4475 1005 4556 Pindi,

188 4599 268 4670 Nam
285 4619 339 4670 me
358 4597 494 4670 Castalio
508 4601 575 4690 jam
593 4601 719 4691 gurgite
739 4601 849 4670 lustrat
867 4598 994 4690 hpodo;

188 4725 226 4795 Ni
245 4701 352 4806 iacias
372 4725 507 4795 referam
526 4725 582 4796 tihi
597 4725 718 4815 justum
735 4725 863 4796 obstare
883 4727 1040 4808 timorem,

188 4851 235 4920 Ne
253 4859 327 4920 tuus
345 4871 362 4920 a
382 4851 497 4922 nostris
515 4859 685 4942 superetur
702 4850 846 4922 versibus
864 4849 1020 4941 Orpheus.
