3440 5392
914 452 1066 499 tustanus:

970 708 1015 770 tx

390 961 393 972 ’
501 975 584 1043 l'one
604 973 808 1063 supercilium
828 973 1001 1062 paulisper;
1023 981 1054 1040 et
1073 973 1132 1040 alta
1153 975 1276 1040 recedat

500 1099 657 1187 Maiestas,
679 1103 785 1166 tenera
806 1097 896 1165 rideo
915 1117 1009 1186 quam
1029 1097 1149 1186 lnlgere
1169 1096 1284 1178 lronte;

500 1223 587 1306 Quae
605 1224 698 1291 modo
717 1242 750 1291 se
773 1221 890 1312 prodit,
911 1221 1035 1310 qualem
1055 1242 1090 1289 se
1109 1220 1252 1290 ostendet
1272 1221 1301 1289 in
1323 1241 1410 1302 aero,

500 1347 580 1418 Cum
600 1347 745 1416 sublimis
764 1365 838 1436 agos
858 1347 974 1436 templa
993 1345 1032 1415 ad
1051 1345 1198 1414 coelestia
1218 1365 1346 1413 cursus.

498 1472 598 1562 Regia
617 1472 678 1560 lige
694 1471 761 1541 solo
779 1479 857 1540 nutu
877 1469 998 1558 dejecta
1015 1469 1151 1558 benigno

499 1596 643 1675 Lumina,
664 1596 755 1683 digna
775 1596 846 1663 novi
864 1602 1066 1662 monumenta
1085 1592 1209 1661 videbis
1228 1596 1344 1662 amoris

500 1719 685 1800 Lusiadum,
707 1719 849 1788 recolens
868 1717 1019 1800 Mavortia
1039 1717 1119 1786 lacta
1137 1727 1276 1796 tuorum,

500 1843 588 1928 Quae
609 1853 733 1912 resonet
754 1850 838 1912 totus
856 1844 1033 1910 numerosis
1051 1840 1197 1910 uersibus
1215 1841 1312 1911 orbis.

979 2203 1004 2262 Χ

499 2464 643 2554 Aspicies
662 2465 730 2534 vilis
749 2464 832 2533 nulla
851 2466 1008 2535 mercedis
1026 2485 1169 2534 amorem
1392 2545 1396 2552 Ι

498 2591 563 2678 Spe
582 2591 711 2659 ductum
731 2590 863 2678 patriam
885 2593 943 2658 sed
962 2591 1082 2660 celsum
1101 2598 1133 2657 et
1150 2610 1249 2680 paene
1269 2599 1451 2679 sequentem

498 2713 621 2793 Sidera,
641 2734 703 2783 non
722 2715 837 2783 etenim
857 2723 929 2783 sunt
948 2716 1019 2784 vilia
1039 2717 1190 2805 praemia,
1211 2716 1300 2782 nosci

498 2837 638 2918 Civibus,
659 2848 691 2908 et
709 2840 804 2928 patrii
824 2839 981 2910 celebrari
1000 2841 1139 2908 carmine
1157 2839 1234 2907 nidi.

500 2963 568 3030 lluc
586 2965 675 3032 ades:
697 2964 831 3054 aspicies
849 2963 916 3032 tolli
935 2984 1031 3052 super
1051 2963 1179 3031 aethera
1199 2983 1312 3032 numen

499 3086 651 3166 Heroum,
671 3087 787 3178 quibus
806 3087 940 3176 imperio
960 3088 1017 3154 das
1033 3086 1105 3175 jura
1124 3087 1260 3176 potenti:

498 3209 672 3298 Experiere
688 3219 796 3279 utrum
813 3211 907 3280 luerit
924 3210 1147 3299 praestantius,
1168 3210 1236 3280 orbi

411 3357 415 3366 ·
499 3333 577 3401 lura
597 3334 683 3412 dare,
706 3353 745 3401 an
765 3333 849 3422 leges
868 3342 932 3401 tam
950 3333 1049 3402 clarae
1067 3333 1230 3422 imponere
1250 3335 1345 3425 genti.

969 3693 1013 3755 xt

497 3954 637 4024 duribus
656 3956 793 4044 excipies
812 3975 874 4024 non
894 3957 1011 4024 somnia
1033 3977 1118 4036 rana,
1140 3978 1198 4026 nec
1218 3958 1294 4025 artis

497 4079 581 4147 Ficta
599 4079 689 4160 dolis,
710 4089 740 4148 et
759 4069 855 4149 tincta
873 4080 963 4149 hilari
982 4081 1145 4150 mendacia
1165 4082 1249 4160 luco,

497 4202 607 4285 Qualia
626 4204 784 4274 finxerunt
803 4213 933 4302 externo
952 4208 1094 4276 carmine
1113 4208 1232 4288 Musae,

496 4325 584 4408 Quas
603 4329 725 4398 decoris
744 4329 916 4399 stimulavit
935 4351 1033 4411 amor,
1053 4331 1219 4421 laudisque
1239 4331 1363 4420 cupido.

495 4449 626 4518 Exstant
643 4471 717 4520 vera
738 4455 854 4522 rincum
874 4463 938 4522 tam
957 4454 1047 4524 lurtia
1067 4454 1143 4524 lacta
1164 4464 1304 4533 tuorum,

495 4574 608 4643 Omnia
626 4583 662 4642 ut
679 4587 871 4666 exsuperent
889 4599 971 4668 qnae
989 4578 1093 4647 fabula
1111 4579 1216 4668 prisca
1237 4586 1389 4657 recenset.

494 4699 592 4782 Qneis
612 4698 860 4781 Rhodomontus‚
882 4704 972 4792 queis
991 4703 1122 4772 Orlandi
1141 4712 1173 4771 et
1192 4703 1262 4772 sicta
1281 4703 1409 4791 Rogeiri

493 4823 635 4906 Nomina,
657 4823 742 4910 (rina
764 4825 861 4894 lorent
884 4829 955 4896 licet
974 4828 1071 4896 armis
1091 4825 1234 4918 lnlmiua)
1254 4827 1376 4897 cedant.
