3384 5372
579 490 668 538 LIBER
686 490 788 539 NONUS

627 727 629 730 ’
648 747 723 810 xnn

186 1007 324 1098 Neptuni
342 1008 456 1098 placet,
474 1007 560 1077 unde
578 1009 655 1078 mihi
674 1010 797 1090 natalia,
818 1011 925 1100 regnis

185 1115 310 1201 Existat
328 1130 462 1212 soboles,
484 1150 562 1223 quae
581 1133 691 1215 forme,
713 1142 745 1203 et
763 1132 877 1204 robore
894 1141 1050 1225 praestet:
1163 1180 1166 1186 -

186 1256 291 1347 Atque
309 1257 383 1327 hinc
402 1267 485 1328 certa
504 1257 591 1328 orbis
609 1267 711 1328 sumet
729 1259 916 1330 documenta
934 1260 1101 1351 malignus,

186 1380 291 1452 Audet
310 1383 365 1472 qui
384 1381 517 1452 stolidus
535 1390 599 1463 tua,
621 1391 704 1464 nete,
725 1383 896 1474 infringere
911 1385 1003 1475 jura:

186 1505 314 1576 Viribus
332 1506 384 1575 ille
402 1507 465 1575 tuis
482 1506 678 1577 adamantina
695 1509 819 1578 moenie
837 1508 935 1578 discet

186 1627 319 1710 Cedere,
338 1629 473 1700 fucatam
490 1631 641 1700 virtutem
659 1631 821 1722 ipsamque
839 1630 977 1701 domari:

186 1754 286 1824 Nemo
305 1754 417 1825 exinde
435 1763 506 1824 tuos
524 1756 556 1824 in
574 1755 668 1825 terris
686 1764 814 1846 respuet
831 1757 933 1846 ignes,

187 1879 290 1962 Quum
310 1878 422 1968 gelidis
439 1881 531 1949 etiam
551 1879 691 1949 ardescat
709 1888 763 1949 tun
780 1880 906 1951 damma
924 1878 983 1950 sub
1002 1881 1105 1950 undis.

637 2239 724 2302 XLiii

183 2501 267 2572 Haeo
280 2483 390 2572 Venus
408 2501 536 2592 exponit
553 2511 636 2582 nato,
657 2521 737 2592 puer
755 2501 919 2592 improbus
937 2503 1035 2583 audit,

183 2624 287 2716 Atque
304 2626 437 2717 implere
454 2635 543 2716 parat
560 2646 649 2695 carae
667 2634 833 2715 praecepta
851 2628 1005 2717 parentis:

183 2749 320 2842 imperat
338 2759 372 2819 ut
390 2758 514 2841 praesto
533 2751 573 2819 sit
590 2749 731 2820 eburnus
750 2757 780 2819 et
799 2770 914 2820 aureus
931 2771 1034 2831 arcus,

183 2873 242 2944 Cui
261 2874 340 2943 levia
358 2874 524 2944 intendens
541 2875 708 2944 committit
727 2874 844 2965 spicula
862 2895 969 2944 curvo.

182 2999 335 3068 Eruitans
353 2999 476 3080 animis,
497 3020 595 3068 curru
612 2998 813 3069 blandissima
832 2999 903 3068 dive

182 3123 315 3214 Excepit
332 3134 441 3194 nutum
460 3143 555 3215 quem
573 3125 703 3206 viserat;
724 3124 797 3194 iude
814 3124 957 3195 volucres
985 3143 989 3150 ·

183 3250 270 3333 Quae
287 3250 510 3320 phaetontaeos
528 3251 683 3320 fleverunt
702 3251 805 3321 littore
823 3271 926 3332 casus,

146 3433 150 3442 .
183 3375 303 3456 Incitat,
323 3383 354 3444 et
372 3376 457 3445 laras
474 3376 507 3442 in
526 3396 655 3446 cursum
674 3375 786 3445 eundo
803 3375 951 3447 habenas

626 3709 732 3799 'xuv

181 3997 238 4068 Ast
255 4017 335 4088 opus
352 4017 420 4068 esse
438 3997 497 4068 sibi
515 3999 598 4068 socit
616 3999 785 4068 comitante
803 3997 927 4090 Cupido

181 4122 313 4205 iissent,
331 4129 368 4192 ut
384 4123 483 4214 spiret
502 4123 622 4212 coeptis
639 4122 804 4212 faveatque
822 4121 972 4213 benigna;

180 4247 301 4338 Nempe
319 4248 377 4318 det
394 4248 516 4317 volucri
535 4257 566 4318 et
584 4248 702 4336 ingenti
720 4267 864 4338 corpore,
883 4269 973 4330 veno,

181 4373 267 4458 Quae
285 4372 358 4442 licet
376 4372 541 4442 aduersum
560 4372 718 4442 interdum
737 4372 796 4442 sibi
814 4373 945 4443 senserit
963 4373 1041 4463 ipse,

180 4498 282 4588 Saepe
300 4496 375 4566 alits
392 4495 488 4566 iidem
506 4496 664 4576 comitem,
685 4503 865 4587 certamque
883 4496 1045 4587 probavit:
1091 4483 1095 4494 ’

181 4622 266 4692 Haeo
283 4621 390 4692 oculos
408 4629 547 4702 eentum,
566 4620 678 4711 vigiles
696 4629 868 4711 noctesque
886 4621 1027 4712 diesque,

180 4745 315 4816 intendit
333 4746 471 4828 circuiu;
492 4735 573 4836 post',
594 4764 669 4813 vera
688 4764 724 4815 ac
742 4744 816 4814 falsa
835 4754 987 4835 reportat,

180 4873 332 4962 Quaeque
349 4870 445 4950 ridet,
467 4878 595 4940 centum
613 4868 752 4958 diurigat
770 4869 893 4958 singulo
911 4869 1037 4960 linguis.
