3384 5372
604 479 695 528 LIBER
713 481 846 530 DECIMUS

700 739 750 801 Xii

229 997 293 1066 Sed
311 1000 393 1069 canit
410 1008 446 1070 ut
464 1001 557 1071 tantis
575 1001 730 1072 Bethlenn
748 1021 765 1071 a
783 1001 889 1072 littore
907 1001 1039 1080 damnis,

230 1120 386 1211 Auspiciis
403 1123 524 1204 faustis,
543 1133 689 1216 prompte
706 1125 864 1194 medicina
882 1132 1028 1215 paretur:

230 1247 299 1314 Jam
317 1247 449 1318 classem
467 1249 606 1319 ascendit
623 1249 781 1330 Paciecus,
802 1249 892 1318 lusus
905 1247 1051 1329 Achilles,

229 1371 295 1440 Neo
311 1374 430 1461 preseit
448 1382 580 1464 quantos
599 1375 640 1444 sit
659 1395 710 1445 res
728 1383 875 1464 gesturus
893 1374 926 1442 in
943 1373 1050 1442 undis:

229 1494 315 1565 illius
333 1505 363 1565 ut
381 1498 504 1587 pondus
522 1517 595 1568 cum
613 1499 684 1568 nuri
702 1499 817 1569 sentiet
834 1517 963 1588 aequor,

229 1621 350 1692 Sentiet
369 1622 512 1694 Oceanus
530 1643 592 1714 quo
611 1623 748 1715 cingitur
762 1623 865 1693 indica
882 1623 990 1704 teitus3

229 1747 298 1830 Quo
317 1748 417 1838 nugis
434 1757 466 1817 ot
482 1749 612 1839 pelagus
629 1769 762 1839 magnus
779 1747 994 1839 penetraverit
1011 1745 1113 1826 heros,

227 1869 378 1940 indorum
396 1872 546 1962 proprius
563 1872 712 1962 percellet
729 1879 856 1963 pectora
876 1879 989 1940 terror.

691 2231 753 2292 Xlil
883 2229 888 2238 “

229 2493 359 2564 Finibus
376 2491 536 2583 appellens
554 2492 704 2572 Orientis,
724 2491 828 2562 littore
846 2490 960 2560 ductor

228 2615 340 2687 sistet:
360 2615 467 2688 Coeini
486 2616 647 2687 communi
665 2624 701 2685 ut
719 2615 846 2686 foedere
864 2633 973 2704 regem

227 2741 366 2832 Adjuvet
382 2749 418 2811 ut
435 2749 591 2832 prompte,
613 2761 729 2831 paucus
747 2738 923 2830 producere
941 2747 1061 2808 turmas
1095 2757 1097 2764 ·

227 2864 277 2934 Ad
295 2865 412 2935 beilum
431 2873 593 2962 properot;
613 2867 716 2933 sinuat
733 2867 796 2954 quir
812 2862 941 2932 brachiu
958 2861 1094 2932 ssurnen.

227 2991 376 3061 Tartareo
394 2990 512 3060 excitos
529 2989 669 3060 Plutonis
686 2989 814 3058 numine
832 2987 953 3066 Naires,

94 3151 103 3166 ·
227 3118 320 3186 Juxta
340 3113 764 3195 Camballanunr‚·horrendn
781 3113 868 3183 clade
886 3111 1050 3182 retundet:
1119 3167 1125 3182 .

226 3241 366 3311 Barbara
383 3259 459 3330 gens
476 3240 620 3329 pauitans
637 3240 714 3310 tutes
731 3237 897 3308 mirabitur
915 3237 1033 3317 hostes,

227 3367 288 3451 Qui
307 3367 398 3455 pauci
416 3383 550 3434 numero
568 3365 601 3432 in
618 3366 733 3453 pugnis
743 3367 814 3433 'tam
831 3381 944 3452 magna
962 3361 1137 3452 patrabant.

689 3723 755 3785 XiV
847 3743 848 3746 ’

226 3989 313 4080 Ergo
330 4007 426 4058 novas
444 3996 537 4078 coget
553 3987 739 4057 Zamorinus
756 3987 787 4054 in
807 4005 894 4056 arnna
911 3984 1095 4074 phalanges;

227 4114 421 4208 Conuenient
438 4113 574 4203 Bipuris,
593 4112 798 4200 Teucrisque,
818 4129 837 4179 e
854 4109 990 4178 eulmine
1008 4127 1102 4196 reges

226 4238 410 4327 Nursingae,
430 4237 587 4329 spondent
605 4235 659 4325 qui
678 4235 756 4303 iacta
776 4232 912 4322 ingentia
929 4230 1012 4300 bello

227 4364 408 4453 Regnorum
426 4361 564 4442 domino,
584 4360 710 4430 decorat
728 4377 824 4448 quem
841 4376 964 4427 summa
982 4363 1133 4445 potestas:

227 4487 377 4576 Princeps
394 4484 445 4554 hie
463 4485 583 4575 pariter
600 4483 713 4554 Naires
730 4482 763 4550 in
781 4480 863 4550 bella
880 4479 1003 4550 vocabit

228 4612 310 4696 Quot
327 4609 524 4690 Culecutum,
544 4606 687 4679 Cennnor
706 4615 783 4697 quot
801 4605 940 4696 suspicit,
960 4623 1086 4674 omnes:
1114 4589 1116 4592 ’

226 4734 415 4825 {signabunt
433 4735 578 4824 geminae
596 4733 651 4823 qui
668 4731 748 4821 legis
765 4733 842 4800 scita
859 4737 1048 4819 sequuntur,

227 4858 323 4929 Terre
340 4859 483 4949 gentiles,
503 4857 607 4928 vicino
625 4865 673 4926 ast
692 4875 829 4945 aequore
847 4853 961 4927 Mauri.
