<?xml version="1.0" encoding="UTF-8"?>
<!DOCTYPE html PUBLIC "-//W3C//DTD XHTML 1.0 Transitional//EN"
    "http://www.w3.org/TR/xhtml1/DTD/xhtml1-transitional.dtd">
<html xmlns="http://www.w3.org/1999/xhtml" xml:lang="en" lang="en">
 <head>
  <title>
</title>
<meta http-equiv="Content-Type" content="text/html;charset=utf-8" />
  <meta name='ocr-system' content='tesseract 3.04.00' />
  <meta name='ocr-capabilities' content='ocr_page ocr_carea ocr_par ocr_line ocrx_word'/>
</head>
<body>
  <div class='ocr_page' id='page_1' title='image "./alusiadadeluizd00deslgoog_0173.png"; bbox 0 0 3384 5370; ppageno 0'>
   <div class='ocr_carea' id='block_1_1' title="bbox 907 465 1060 510">
    <p class='ocr_par' dir='ltr' id='par_1_1' title="bbox 907 465 1060 510">
     <span class='ocr_line' id='line_1_1' title="bbox 907 465 1060 510; baseline 0.007 -1"><span class='ocrx_word' id='word_1_1' title='bbox 907 465 1060 510; x_wconf 67' lang='lat' dir='ltr'><strong>brantune:</strong></span> 
     </span>
    </p>
   </div>
   <div class='ocr_carea' id='block_1_2' title="bbox 966 721 1003 782">
    <p class='ocr_par' dir='ltr' id='par_1_2' title="bbox 966 721 1003 782">
     <span class='ocr_line' id='line_1_2' title="bbox 966 721 1003 782; baseline 0.054 -2"><span class='ocrx_word' id='word_1_2' title='bbox 966 721 1003 782; x_wconf 77' lang='lat' dir='ltr'><strong>tx</strong></span> 
     </span>
    </p>
   </div>
   <div class='ocr_carea' id='block_1_3' title="bbox 428 983 1423 1943">
    <p class='ocr_par' dir='ltr' id='par_1_3' title="bbox 488 983 1308 1323">
     <span class='ocr_line' id='line_1_3' title="bbox 488 983 1308 1074; baseline 0 -20"><span class='ocrx_word' id='word_1_3' title='bbox 488 984 687 1064; x_wconf 67' lang='lat' dir='ltr'><strong>laudatique,</strong></span> <span class='ocrx_word' id='word_1_4' title='bbox 707 985 812 1073; x_wconf 84' lang='lat' dir='ltr'><strong>priseo</strong></span> <span class='ocrx_word' id='word_1_5' title='bbox 830 983 931 1053; x_wconf 87' lang='lat' dir='ltr'><strong>fidunt</strong></span> <span class='ocrx_word' id='word_1_6' title='bbox 950 1003 1030 1074; x_wconf 88' lang='lat' dir='ltr'><strong>quae</strong></span> <span class='ocrx_word' id='word_1_7' title='bbox 1049 983 1174 1064; x_wconf 85' lang='lat' dir='ltr'><strong>rubere,</strong></span> <span class='ocrx_word' id='word_1_8' title='bbox 1196 993 1308 1074; x_wconf 80' lang='lat' dir='ltr'><strong>gentes</strong></span> 
     </span>
     <span class='ocr_line' id='line_1_4' title="bbox 488 1109 1287 1199; baseline -0.001 -20"><span class='ocrx_word' id='word_1_9' title='bbox 488 1109 604 1180; x_wconf 85' lang='lat' dir='ltr'>Laudis</span> <span class='ocrx_word' id='word_1_10' title='bbox 622 1109 723 1180; x_wconf 87' lang='lat' dir='ltr'><strong>adhue</strong></span> <span class='ocrx_word' id='word_1_11' title='bbox 741 1109 874 1199; x_wconf 79' lang='lat' dir='ltr'>cupidae</span> <span class='ocrx_word' id='word_1_12' title='bbox 893 1119 1006 1179; x_wconf 84' lang='lat' dir='ltr'><strong>coeunt</strong></span> <span class='ocrx_word' id='word_1_13' title='bbox 1025 1131 1043 1179; x_wconf 92' lang='lat' dir='ltr'><strong>a</strong></span> <span class='ocrx_word' id='word_1_14' title='bbox 1061 1111 1179 1179; x_wconf 81' lang='lat' dir='ltr'><strong>uertice</strong></span> <span class='ocrx_word' id='word_1_15' title='bbox 1198 1111 1287 1198; x_wconf 75' lang='lat' dir='ltr'><strong>regni</strong></span> 
     </span>
     <span class='ocr_line' id='line_1_5' title="bbox 488 1231 1275 1323; baseline 0.001 -23"><span class='ocrx_word' id='word_1_16' title='bbox 488 1233 660 1312; x_wconf 85' lang='lat' dir='ltr'><strong>Vandaliei‚</strong></span> <span class='ocrx_word' id='word_1_17' title='bbox 680 1233 763 1302; x_wconf 88' lang='lat' dir='ltr'><strong>celsa</strong></span> <span class='ocrx_word' id='word_1_18' title='bbox 780 1253 842 1323; x_wconf 93' lang='lat' dir='ltr'><strong>qua</strong></span> <span class='ocrx_word' id='word_1_19' title='bbox 860 1252 929 1302; x_wconf 90' lang='lat' dir='ltr'><strong>sese</strong></span> <span class='ocrx_word' id='word_1_20' title='bbox 947 1231 1025 1302; x_wconf 84' lang='lat' dir='ltr'><strong>urbs</strong></span> <span class='ocrx_word' id='word_1_21' title='bbox 1044 1233 1143 1301; x_wconf 86' lang='lat' dir='ltr'><strong>cincta</strong></span> <span class='ocrx_word' id='word_1_22' title='bbox 1161 1253 1275 1302; x_wconf 82' lang='lat' dir='ltr'><strong>camna</strong></span> 
     </span>
    </p>

    <p class='ocr_par' dir='ltr' id='par_1_4' title="bbox 487 1339 1311 1572">
     <span class='ocr_line' id='line_1_6' title="bbox 487 1339 1302 1448; baseline -0.004 -21"><span class='ocrx_word' id='word_1_23' title='bbox 487 1357 603 1448; x_wconf 83' lang='lat' dir='ltr'><strong>Erigit,</strong></span> <span class='ocrx_word' id='word_1_24' title='bbox 623 1339 756 1446; x_wconf 78' lang='lat' dir='ltr'><strong>angus‘tu</strong></span> <span class='ocrx_word' id='word_1_25' title='bbox 774 1377 869 1446; x_wconf 93' lang='lat' dir='ltr'><strong>quam</strong></span> <span class='ocrx_word' id='word_1_26' title='bbox 888 1356 1017 1425; x_wconf 88' lang='lat' dir='ltr'><strong>llumine</strong></span> <span class='ocrx_word' id='word_1_27' title='bbox 1036 1355 1140 1424; x_wconf 88' lang='lat' dir='ltr'><strong>Boetis</strong></span> <span class='ocrx_word' id='word_1_28' title='bbox 1158 1355 1302 1436; x_wconf 83' lang='lat' dir='ltr'><strong>inundat3</strong></span> 
     </span>
     <span class='ocr_line' id='line_1_7' title="bbox 488 1479 1311 1572; baseline 0.005 -22"><span class='ocrx_word' id='word_1_29' title='bbox 488 1481 591 1551; x_wconf 86' lang='lat' dir='ltr'><strong>lnsula</strong></span> <span class='ocrx_word' id='word_1_30' title='bbox 610 1482 685 1572; x_wconf 94' lang='lat' dir='ltr'><strong>quin</strong></span> <span class='ocrx_word' id='word_1_31' title='bbox 704 1482 799 1551; x_wconf 91' lang='lat' dir='ltr'><strong>etiam</strong></span> <span class='ocrx_word' id='word_1_32' title='bbox 817 1479 897 1549; x_wconf 88' lang='lat' dir='ltr'><strong>lama</strong></span> <span class='ocrx_word' id='word_1_33' title='bbox 915 1479 1121 1549; x_wconf 82' lang='lat' dir='ltr'><strong>celeberrima</strong></span> <span class='ocrx_word' id='word_1_34' title='bbox 1140 1479 1311 1569; x_wconf 80' lang='lat' dir='ltr'><strong>quondam.</strong></span> 
     </span>
    </p>

    <p class='ocr_par' dir='ltr' id='par_1_5' title="bbox 428 1605 1236 1695">
     <span class='ocr_line' id='line_1_8' title="bbox 428 1605 1236 1695; baseline -0.004 -21"><span class='ocrx_word' id='word_1_35' title='bbox 428 1673 432 1682; x_wconf 88' lang='grc'>,</span> <span class='ocrx_word' id='word_1_36' title='bbox 489 1605 577 1689; x_wconf 83' lang='lat' dir='ltr'>Quae</span> <span class='ocrx_word' id='word_1_37' title='bbox 594 1607 682 1695; x_wconf 71' lang='lat' dir='ltr'><strong>tyriis</strong></span> <span class='ocrx_word' id='word_1_38' title='bbox 699 1605 801 1675; x_wconf 83' lang='lat' dir='ltr'><strong>luerat</strong></span> <span class='ocrx_word' id='word_1_39' title='bbox 820 1607 911 1673; x_wconf 86' lang='lat' dir='ltr'><strong>statio</strong></span> <span class='ocrx_word' id='word_1_40' title='bbox 929 1605 1105 1694; x_wconf 78' lang='lat' dir='ltr'><strong>gratissima</strong></span> <span class='ocrx_word' id='word_1_41' title='bbox 1123 1605 1236 1686; x_wconf 76' lang='lat' dir='ltr'><strong>nuntie,</strong></span> 
     </span>
    </p>

    <p class='ocr_par' dir='ltr' id='par_1_6' title="bbox 490 1726 1423 1943">
     <span class='ocr_line' id='line_1_9' title="bbox 490 1726 1423 1818; baseline -0.004 -20"><span class='ocrx_word' id='word_1_42' title='bbox 490 1727 587 1798; x_wconf 73' lang='lat' dir='ltr'><strong>Arma</strong></span> <span class='ocrx_word' id='word_1_43' title='bbox 605 1736 722 1807; x_wconf 79' lang='lat' dir='ltr'><strong>monet,</strong></span> <span class='ocrx_word' id='word_1_44' title='bbox 742 1749 799 1798; x_wconf 88' lang='lat' dir='ltr'><strong>sua</strong></span> <span class='ocrx_word' id='word_1_45' title='bbox 817 1729 906 1818; x_wconf 83' lang='lat' dir='ltr'><strong>sigua</strong></span> <span class='ocrx_word' id='word_1_46' title='bbox 926 1747 1050 1817; x_wconf 82' lang='lat' dir='ltr'><strong>gerens,</strong></span> <span class='ocrx_word' id='word_1_47' title='bbox 1071 1747 1149 1817; x_wconf 87' lang='lat' dir='ltr'><strong>quas</strong></span> <span class='ocrx_word' id='word_1_48' title='bbox 1166 1726 1327 1796; x_wconf 87' lang='lat' dir='ltr'><strong>montibus</strong></span> <span class='ocrx_word' id='word_1_49' title='bbox 1345 1727 1423 1796; x_wconf 88' lang='lat' dir='ltr'><strong>altas</strong></span> 
     </span>
     <span class='ocr_line' id='line_1_10' title="bbox 490 1851 1234 1943; baseline -0.003 -22"><span class='ocrx_word' id='word_1_50' title='bbox 490 1851 618 1922; x_wconf 75' lang='lat' dir='ltr'><strong>Alcides</strong></span> <span class='ocrx_word' id='word_1_51' title='bbox 637 1853 740 1942; x_wconf 80' lang='lat' dir='ltr'><strong>posuit</strong></span> <span class='ocrx_word' id='word_1_52' title='bbox 758 1853 879 1921; x_wconf 83' lang='lat' dir='ltr'><strong>diuersa</strong></span> <span class='ocrx_word' id='word_1_53' title='bbox 899 1854 931 1921; x_wconf 91' lang='lat' dir='ltr'><strong>in</strong></span> <span class='ocrx_word' id='word_1_54' title='bbox 950 1873 1041 1943; x_wconf 84' lang='lat' dir='ltr'><strong>rupe,</strong></span> <span class='ocrx_word' id='word_1_55' title='bbox 1061 1853 1234 1921; x_wconf 86' lang='lat' dir='ltr'><strong>columnas.</strong></span> 
     </span>
    </p>
   </div>
   <div class='ocr_carea' id='block_1_4' title="bbox 974 2213 998 2274">
    <p class='ocr_par' dir='ltr' id='par_1_7' title="bbox 974 2213 998 2274">
     <span class='ocr_line' id='line_1_11' title="bbox 974 2213 998 2274; baseline 0 0"><span class='ocrx_word' id='word_1_56' title='bbox 974 2213 998 2274; x_wconf 87' lang='lat' dir='ltr'>X</span> 
     </span>
    </p>
   </div>
   <div class='ocr_carea' id='block_1_5' title="bbox 490 2475 1390 3427">
    <p class='ocr_par' dir='ltr' id='par_1_8' title="bbox 490 2475 1390 2919">
     <span class='ocr_line' id='line_1_12' title="bbox 492 2475 1296 2565; baseline 0 -21"><span class='ocrx_word' id='word_1_57' title='bbox 492 2476 556 2544; x_wconf 79' lang='lat' dir='ltr'><strong>Nee</strong></span> <span class='ocrx_word' id='word_1_58' title='bbox 576 2477 682 2544; x_wconf 84' lang='lat' dir='ltr'><strong>minus</strong></span> <span class='ocrx_word' id='word_1_59' title='bbox 700 2475 843 2565; x_wconf 83' lang='lat' dir='ltr'><strong>Hesperii</strong></span> <span class='ocrx_word' id='word_1_60' title='bbox 862 2476 951 2565; x_wconf 78' lang='lat' dir='ltr'><strong>regni</strong></span> <span class='ocrx_word' id='word_1_61' title='bbox 970 2485 1062 2565; x_wconf 85' lang='lat' dir='ltr'><strong>eaput</strong></span> <span class='ocrx_word' id='word_1_62' title='bbox 1083 2475 1133 2545; x_wconf 95' lang='lat' dir='ltr'><strong>illa</strong></span> <span class='ocrx_word' id='word_1_63' title='bbox 1151 2476 1296 2545; x_wconf 76' lang='lat' dir='ltr'>Toletum</span> 
     </span>
     <span class='ocr_line' id='line_1_13' title="bbox 491 2600 1390 2691; baseline -0.002 -19"><span class='ocrx_word' id='word_1_64' title='bbox 491 2600 577 2672; x_wconf 84' lang='lat' dir='ltr'><strong>Urbs</strong></span> <span class='ocrx_word' id='word_1_65' title='bbox 595 2601 678 2670; x_wconf 81' lang='lat' dir='ltr'><strong>acies</strong></span> <span class='ocrx_word' id='word_1_66' title='bbox 695 2600 838 2690; x_wconf 83' lang='lat' dir='ltr'><strong>praebet,</strong></span> <span class='ocrx_word' id='word_1_67' title='bbox 857 2621 970 2690; x_wconf 82' lang='lat' dir='ltr'><strong>regum</strong></span> <span class='ocrx_word' id='word_1_68' title='bbox 989 2621 1069 2691; x_wconf 92' lang='lat' dir='ltr'><strong>quae</strong></span> <span class='ocrx_word' id='word_1_69' title='bbox 1087 2601 1222 2670; x_wconf 86' lang='lat' dir='ltr'><strong>manima</strong></span> <span class='ocrx_word' id='word_1_70' title='bbox 1240 2601 1340 2680; x_wconf 86' lang='lat' dir='ltr'><strong>sedes,</strong></span> <span class='ocrx_word' id='word_1_71' title='bbox 1389 2675 1390 2678; x_wconf 51' lang='lat'>,</span> 
     </span>
     <span class='ocr_line' id='line_1_14' title="bbox 491 2723 1332 2818; baseline 0.002 -26"><span class='ocrx_word' id='word_1_72' title='bbox 491 2723 593 2807; x_wconf 87' lang='lat' dir='ltr'><strong>Quam</strong></span> <span class='ocrx_word' id='word_1_73' title='bbox 611 2725 715 2814; x_wconf 83' lang='lat' dir='ltr'>Tagus</span> <span class='ocrx_word' id='word_1_74' title='bbox 732 2724 878 2794; x_wconf 74' lang='lat' dir='ltr'>auriferis</span> <span class='ocrx_word' id='word_1_75' title='bbox 897 2725 967 2793; x_wconf 89' lang='lat' dir='ltr'><strong>latis</strong></span> <span class='ocrx_word' id='word_1_76' title='bbox 984 2725 1104 2794; x_wconf 79' lang='lat' dir='ltr'><strong>cineum</strong></span> <span class='ocrx_word' id='word_1_77' title='bbox 1117 2724 1210 2818; x_wconf 88' lang='lat' dir='ltr'><strong>alluit</strong></span> <span class='ocrx_word' id='word_1_78' title='bbox 1227 2723 1332 2794; x_wconf 86' lang='lat' dir='ltr'><strong>undis.</strong></span> 
     </span>
     <span class='ocr_line' id='line_1_15' title="bbox 490 2847 1299 2919; baseline 0.001 -3"><span class='ocrx_word' id='word_1_79' title='bbox 490 2847 659 2918; x_wconf 86' lang='lat' dir='ltr'><strong>Dedueens</strong></span> <span class='ocrx_word' id='word_1_80' title='bbox 675 2851 792 2918; x_wconf 74' lang='lat' dir='ltr'><strong>vitreos</strong></span> <span class='ocrx_word' id='word_1_81' title='bbox 809 2848 977 2919; x_wconf 86' lang='lat' dir='ltr'><strong>Cenebanu</strong></span> <span class='ocrx_word' id='word_1_82' title='bbox 996 2871 1012 2918; x_wconf 92' lang='lat' dir='ltr'><strong>a</strong></span> <span class='ocrx_word' id='word_1_83' title='bbox 1032 2850 1168 2918; x_wconf 84' lang='lat' dir='ltr'><strong>eulmine</strong></span> <span class='ocrx_word' id='word_1_84' title='bbox 1187 2849 1299 2918; x_wconf 82' lang='lat' dir='ltr'><strong>lentes:</strong></span> 
     </span>
    </p>

    <p class='ocr_par' dir='ltr' id='par_1_9' title="bbox 491 2971 1346 3312">
     <span class='ocr_line' id='line_1_16' title="bbox 491 2971 1346 3063; baseline 0.006 -23"><span class='ocrx_word' id='word_1_85' title='bbox 491 2971 555 3040; x_wconf 84' lang='lat' dir='ltr'><strong>Nee</strong></span> <span class='ocrx_word' id='word_1_86' title='bbox 572 2991 628 3040; x_wconf 78' lang='lat' dir='ltr'><strong>uus</strong></span> <span class='ocrx_word' id='word_1_87' title='bbox 645 2993 663 3040; x_wconf 91' lang='lat' dir='ltr'><strong>a</strong></span> <span class='ocrx_word' id='word_1_88' title='bbox 681 2974 815 3062; x_wconf 88' lang='lat' dir='ltr'><strong>sumptis</strong></span> <span class='ocrx_word' id='word_1_89' title='bbox 835 2973 956 3062; x_wconf 80' lang='lat' dir='ltr'><strong>gelidus</strong></span> <span class='ocrx_word' id='word_1_90' title='bbox 975 2976 1070 3042; x_wconf 83' lang='lat' dir='ltr'><strong>timor</strong></span> <span class='ocrx_word' id='word_1_91' title='bbox 1089 2973 1219 3063; x_wconf 88' lang='lat' dir='ltr'><strong>impedit</strong></span> <span class='ocrx_word' id='word_1_92' title='bbox 1237 2974 1346 3045; x_wconf 85' lang='lat' dir='ltr'><strong>annis.</strong></span> 
     </span>
     <span class='ocr_line' id='line_1_17' title="bbox 492 3095 1284 3185; baseline 0.005 -21"><span class='ocrx_word' id='word_1_93' title='bbox 492 3095 609 3185; x_wconf 76' lang='lat' dir='ltr'><strong>Aspera</strong></span> <span class='ocrx_word' id='word_1_94' title='bbox 627 3117 704 3184; x_wconf 81' lang='lat' dir='ltr'><strong>gens</strong></span> <span class='ocrx_word' id='word_1_95' title='bbox 721 3095 804 3166; x_wconf 87' lang='lat' dir='ltr'><strong>bellu</strong></span> <span class='ocrx_word' id='word_1_96' title='bbox 823 3097 971 3172; x_wconf 70' lang='lat' dir='ltr'><strong>Gallam-i,</strong></span> <span class='ocrx_word' id='word_1_97' title='bbox 992 3107 1021 3166; x_wconf 93' lang='lat' dir='ltr'><strong>et</strong></span> <span class='ocrx_word' id='word_1_98' title='bbox 1043 3097 1168 3166; x_wconf 83' lang='lat' dir='ltr'><strong>sandida</strong></span> <span class='ocrx_word' id='word_1_99' title='bbox 1186 3098 1284 3169; x_wconf 82' lang='lat' dir='ltr'><strong>cultu.</strong></span> 
     </span>
     <span class='ocr_line' id='line_1_18' title="bbox 491 3220 1155 3312; baseline 0.006 -24"><span class='ocrx_word' id='word_1_100' title='bbox 491 3220 579 3290; x_wconf 85' lang='lat' dir='ltr'><strong>Dure</strong></span> <span class='ocrx_word' id='word_1_101' title='bbox 596 3221 739 3290; x_wconf 80' lang='lat' dir='ltr'><strong>Lusiatlis</strong></span> <span class='ocrx_word' id='word_1_102' title='bbox 756 3221 909 3291; x_wconf 84' lang='lat' dir='ltr'><strong>obsistere</strong></span> <span class='ocrx_word' id='word_1_103' title='bbox 928 3223 1025 3290; x_wconf 84' lang='lat' dir='ltr'><strong>llante</strong></span> <span class='ocrx_word' id='word_1_104' title='bbox 1044 3224 1155 3312; x_wconf 78' lang='lat' dir='ltr'><strong>parati,</strong></span> 
     </span>
    </p>

    <p class='ocr_par' dir='ltr' id='par_1_10' title="bbox 492 3345 1249 3427">
     <span class='ocr_line' id='line_1_19' title="bbox 492 3345 1249 3427; baseline 0.003 -15"><span class='ocrx_word' id='word_1_105' title='bbox 492 3345 634 3427; x_wconf 83' lang='lat' dir='ltr'><strong>Quorum</strong></span> <span class='ocrx_word' id='word_1_106' title='bbox 654 3365 743 3414; x_wconf 89' lang='lat' dir='ltr'><strong>saeva</strong></span> <span class='ocrx_word' id='word_1_107' title='bbox 762 3346 836 3414; x_wconf 90' lang='lat' dir='ltr'><strong>olim</strong></span> <span class='ocrx_word' id='word_1_108' title='bbox 855 3348 994 3415; x_wconf 85' lang='lat' dir='ltr'><strong>sensistis</strong></span> <span class='ocrx_word' id='word_1_109' title='bbox 1013 3348 1143 3416; x_wconf 77' lang='lat' dir='ltr'><strong>vulnera</strong></span> <span class='ocrx_word' id='word_1_110' title='bbox 1162 3347 1249 3416; x_wconf 81' lang='lat' dir='ltr'><strong>ferni.</strong></span> 
     </span>
    </p>
   </div>
   <div class='ocr_carea' id='block_1_6' title="bbox 969 3705 1008 3765">
    <p class='ocr_par' dir='ltr' id='par_1_11' title="bbox 969 3705 1008 3765">
     <span class='ocr_line' id='line_1_20' title="bbox 969 3705 1008 3765; baseline -0.026 0"><span class='ocrx_word' id='word_1_111' title='bbox 969 3705 1008 3765; x_wconf 85' lang='lat' dir='ltr'><strong>Xl</strong></span> 
     </span>
    </p>
   </div>
   <div class='ocr_carea' id='block_1_7' title="bbox 421 3964 1421 4924">
    <p class='ocr_par' dir='ltr' id='par_1_12' title="bbox 421 3964 1358 4306">
     <span class='ocr_line' id='line_1_21' title="bbox 421 3964 1311 4059; baseline 0.003 -26"><span class='ocrx_word' id='word_1_112' title='bbox 421 3967 426 3975; x_wconf 90' lang='lat'>&#39;</span> <span class='ocrx_word' id='word_1_113' title='bbox 493 3964 648 4034; x_wconf 75' lang='lat' dir='ltr'>Cantaber</span> <span class='ocrx_word' id='word_1_114' title='bbox 664 3965 726 4034; x_wconf 89' lang='lat' dir='ltr'><strong>buc</strong></span> <span class='ocrx_word' id='word_1_115' title='bbox 744 3967 850 4045; x_wconf 88' lang='lat' dir='ltr'><strong>etiam,</strong></span> <span class='ocrx_word' id='word_1_116' title='bbox 871 3967 976 4059; x_wconf 82' lang='lat' dir='ltr'><strong>Furiis</strong></span> <span class='ocrx_word' id='word_1_117' title='bbox 994 3965 1225 4038; x_wconf 69' lang='lat' dir='ltr'><strong>stimulantibus</strong></span> <span class='ocrx_word' id='word_1_118' title='bbox 1244 3978 1311 4036; x_wconf 84' lang='lat' dir='ltr'><strong>atro</strong></span> 
     </span>
     <span class='ocr_line' id='line_1_22' title="bbox 492 4091 1358 4182; baseline 0.001 -22"><span class='ocrx_word' id='word_1_119' title='bbox 492 4091 643 4172; x_wconf 76' lang='lat' dir='ltr'><strong>lemene,</strong></span> <span class='ocrx_word' id='word_1_120' title='bbox 665 4091 836 4170; x_wconf 85' lang='lat' dir='ltr'><strong>deseendit,</strong></span> <span class='ocrx_word' id='word_1_121' title='bbox 856 4091 1037 4182; x_wconf 78' lang='lat' dir='ltr'><strong>bellumque</strong></span> <span class='ocrx_word' id='word_1_122' title='bbox 1056 4093 1192 4160; x_wconf 87' lang='lat' dir='ltr'><strong>immune</strong></span> <span class='ocrx_word' id='word_1_123' title='bbox 1211 4093 1358 4170; x_wconf 80' lang='lat' dir='ltr'><strong>minatur,</strong></span> 
     </span>
     <span class='ocr_line' id='line_1_23' title="bbox 492 4192 1227 4306; baseline 0 -21"><span class='ocrx_word' id='word_1_124' title='bbox 492 4215 550 4285; x_wconf 88' lang='lat' dir='ltr'><strong>Cui</strong></span> <span class='ocrx_word' id='word_1_125' title='bbox 570 4217 654 4285; x_wconf 82' lang='lat' dir='ltr'><strong>nitur</strong></span> <span class='ocrx_word' id='word_1_126' title='bbox 671 4216 799 4306; x_wconf 78' lang='lat' dir='ltr'><strong>eloquii,</strong></span> <span class='ocrx_word' id='word_1_127' title='bbox 819 4225 850 4284; x_wconf 89' lang='lat' dir='ltr'><strong>et</strong></span> <span class='ocrx_word' id='word_1_128' title='bbox 869 4192 1011 4284; x_wconf 78' lang='lat' dir='ltr'><strong>facundia</strong></span> <span class='ocrx_word' id='word_1_129' title='bbox 1029 4214 1132 4283; x_wconf 79' lang='lat' dir='ltr'><strong>deficit</strong></span> <span class='ocrx_word' id='word_1_130' title='bbox 1151 4216 1227 4285; x_wconf 82' lang='lat' dir='ltr'><strong>uris.</strong></span> 
     </span>
    </p>

    <p class='ocr_par' dir='ltr' id='par_1_13' title="bbox 491 4339 1304 4429">
     <span class='ocr_line' id='line_1_24' title="bbox 491 4339 1304 4429; baseline -0.002 -21"><span class='ocrx_word' id='word_1_131' title='bbox 491 4341 620 4409; x_wconf 85' lang='lat' dir='ltr'><strong>Esterni</strong></span> <span class='ocrx_word' id='word_1_132' title='bbox 640 4340 867 4429; x_wconf 79' lang='lat' dir='ltr'><strong>impatiensque</strong></span> <span class='ocrx_word' id='word_1_133' title='bbox 882 4339 964 4429; x_wconf 77' lang='lat' dir='ltr'><strong>jugi,</strong></span> <span class='ocrx_word' id='word_1_134' title='bbox 983 4340 1145 4428; x_wconf 81' lang='lat' dir='ltr'><strong>murisque</strong></span> <span class='ocrx_word' id='word_1_135' title='bbox 1165 4339 1304 4428; x_wconf 79' lang='lat' dir='ltr'><strong>superbi.</strong></span> 
     </span>
    </p>

    <p class='ocr_par' dir='ltr' id='par_1_14' title="bbox 491 4462 1238 4562">
     <span class='ocr_line' id='line_1_25' title="bbox 491 4462 1238 4562; baseline -0.001 -31"><span class='ocrx_word' id='word_1_136' title='bbox 491 4462 546 4532; x_wconf 89' lang='lat' dir='ltr'><strong>llla</strong></span> <span class='ocrx_word' id='word_1_137' title='bbox 565 4464 669 4539; x_wconf 88' lang='lat' dir='ltr'><strong>etiam,</strong></span> <span class='ocrx_word' id='word_1_138' title='bbox 690 4463 763 4532; x_wconf 86' lang='lat' dir='ltr'><strong>leni</strong></span> <span class='ocrx_word' id='word_1_139' title='bbox 783 4472 921 4532; x_wconf 84' lang='lat' dir='ltr'><strong>constant</strong></span> <span class='ocrx_word' id='word_1_140' title='bbox 941 4463 991 4532; x_wconf 88' lang='lat' dir='ltr'><strong>cui</strong></span> <span class='ocrx_word' id='word_1_141' title='bbox 1012 4465 1130 4531; x_wconf 73' lang='lat' dir='ltr'><strong>viscera</strong></span> <span class='ocrx_word' id='word_1_142' title='bbox 1148 4463 1238 4562; x_wconf 73' lang='lat' dir='ltr'><strong>uenis</strong></span> 
     </span>
    </p>

    <p class='ocr_par' dir='ltr' id='par_1_15' title="bbox 492 4557 1299 4798">
     <span class='ocr_line' id='line_1_26' title="bbox 492 4557 1299 4675; baseline -0.001 -21"><span class='ocrx_word' id='word_1_143' title='bbox 492 4585 606 4654; x_wconf 76' lang='lat' dir='ltr'><strong>Abdita</strong></span> <span class='ocrx_word' id='word_1_144' title='bbox 625 4583 756 4659; x_wconf 83' lang='lat' dir='ltr'><strong>telluris,</strong></span> <span class='ocrx_word' id='word_1_145' title='bbox 776 4587 968 4675; x_wconf 77' lang='lat' dir='ltr'><strong>tluipuseua,</strong></span> <span class='ocrx_word' id='word_1_146' title='bbox 988 4595 1017 4654; x_wconf 88' lang='lat' dir='ltr'><strong>et</strong></span> <span class='ocrx_word' id='word_1_147' title='bbox 1038 4557 1173 4674; x_wconf 58' lang='lat' dir='ltr'><strong>impiger</strong></span> <span class='ocrx_word' id='word_1_148' title='bbox 1190 4583 1299 4661; x_wconf 72' lang='lat' dir='ltr'><strong>Astur,</strong></span> 
     </span>
     <span class='ocr_line' id='line_1_27' title="bbox 493 4709 1202 4798; baseline -0.001 -19"><span class='ocrx_word' id='word_1_149' title='bbox 493 4711 625 4779; x_wconf 76' lang='lat' dir='ltr'><strong>Armant</strong></span> <span class='ocrx_word' id='word_1_150' title='bbox 644 4712 747 4778; x_wconf 78' lang='lat' dir='ltr'><strong>natiue</strong></span> <span class='ocrx_word' id='word_1_151' title='bbox 766 4710 1002 4779; x_wconf 83' lang='lat' dir='ltr'><strong>crudeles-aere</strong></span> <span class='ocrx_word' id='word_1_152' title='bbox 1022 4709 1202 4798; x_wconf 81' lang='lat' dir='ltr'><strong>phalanges.</strong></span> 
     </span>
    </p>

    <p class='ocr_par' dir='ltr' id='par_1_16' title="bbox 493 4835 1421 4924">
     <span class='ocr_line' id='line_1_28' title="bbox 493 4835 1421 4924; baseline -0.001 -20"><span class='ocrx_word' id='word_1_153' title='bbox 493 4835 688 4924; x_wconf 77' lang='lat' dir='ltr'><strong>Obsequium</strong></span> <span class='ocrx_word' id='word_1_154' title='bbox 708 4845 739 4902; x_wconf 94' lang='lat' dir='ltr'><strong>ut</strong></span> <span class='ocrx_word' id='word_1_155' title='bbox 761 4844 915 4924; x_wconf 83' lang='lat' dir='ltr'><strong>praestent</strong></span> <span class='ocrx_word' id='word_1_156' title='bbox 936 4835 1081 4903; x_wconf 79' lang='lat' dir='ltr'><strong>sluiuinis.</strong></span> <span class='ocrx_word' id='word_1_157' title='bbox 1100 4835 1239 4922; x_wconf 85' lang='lat' dir='ltr'><strong>sueiique</strong></span> <span class='ocrx_word' id='word_1_158' title='bbox 1258 4844 1421 4904; x_wconf 68' lang='lat' dir='ltr'><strong>necentur.</strong></span> 
     </span>
    </p>
   </div>
   <div class='ocr_carea' id='block_1_8' title="bbox 0 0 1703 5370">
    <p class='ocr_par' dir='ltr' id='par_1_17' title="bbox 0 0 1703 5370">
     <span class='ocr_line' id='line_1_29' title="bbox 0 0 1703 5370; baseline 0 0"><span class='ocrx_word' id='word_1_159' title='bbox 0 0 1703 5370; x_wconf 95' lang='lat' dir='ltr'><strong> </strong></span> 
     </span>
    </p>
   </div>
  </div>
 </body>
</html>
