3406 5378
935 479 1091 527 susannae

991 737 1040 800 cv

516 997 662 1089 Aequora
678 999 806 1089 jamque
825 998 894 1069 lreti
913 998 1102 1090 linquamus
1124 999 1228 1069 littora
1247 1010 1279 1070 et
1298 1001 1369 1083 ista,

515 1119 620 1212 Atque
638 1121 741 1212 Caput
758 1121 893 1213 Jasquis,
913 1122 1072 1214 quondam
1090 1121 1234 1214 Carpella
1254 1134 1413 1206 vocatum,

514 1246 561 1317 llli
580 1247 730 1317 finitimos
748 1256 779 1316 et
797 1246 891 1337 longo
910 1248 1009 1319 limite
1028 1268 1174 1340 campos,

513 1373 623 1444 lnvida
641 1375 730 1465 queis
748 1373 854 1444 solitas
872 1373 979 1464 lruges
996 1384 1109 1445 natura
1127 1377 1267 1464 negavit.

514 1499 602 1584 Quae
620 1500 709 1590 regio
726 1499 828 1570 luerat
845 1501 1004 1590 quondam
1022 1499 1190 1572 Carmania
1207 1500 1301 1571 dicta.

514 1622 628 1714 Aspice
646 1643 741 1704 nunc,
761 1624 814 1695 illo
833 1627 887 1716 qui
904 1625 1041 1696 culmine
1060 1626 1210 1706 nascitur,
1230 1625 1343 1695 ludum

513 1749 714 1820 Praeclamm
731 1749 873 1831 liuvinm,
890 1750 978 1841 juxta
996 1769 1106 1842 quem,
1124 1758 1272 1842 praepete
1290 1769 1398 1830 cursu,

420 1856 423 1864 ¹
513 1873 673 1957 Decurrit,
694 1895 825 1946 manans
842 1875 903 1946 alio
921 1875 962 1946 de
978 1876 1126 1959 culmine,
1148 1875 1282 1967 Ganges

976 2235 1037 2299 cvl

510 2496 651 2569 Ulcindis
668 2505 769 2567 terras
787 2505 818 2566 et
836 2515 963 2588 campos
981 2497 1081 2568 ubere
1099 2497 1209 2588 glebae

509 2622 640 2702 Felices,
660 2629 828 2712 arctasque
846 2622 934 2692 sinus
950 2640 1138 2692 morceme
1156 2621 1307 2713 loquelis,

509 2744 726 2838 Accessusque
743 2748 839 2818 maris
857 2747 989 2827 subitos,
1009 2747 1255 2838 glomerantibus
1273 2747 1378 2829 undis,

509 2873 551 2941 Et
568 2872 685 2943 celeres
703 2873 830 2954 iterum,
851 2873 951 2944 tinctu
967 2871 1117 2963 lugiente,
1138 2893 1292 2944 recessus.

508 2995 640 3066 Foctum
660 2997 783 3087 opibus,
804 2996 901 3066 latum
920 2995 1088 3087 Cambajae
1105 2997 1251 3088 conspice
1269 3017 1415 3088 regnum,

507 3120 633 3192 Curvus
651 3119 706 3192 ubi
723 3122 803 3192 latos
821 3121 924 3192 aditus
942 3122 1030 3192 sinus
1049 3122 1196 3212 explicat:
1219 3121 1314 3194 urbes

506 3244 591 3317 Mille
609 3244 684 3314 alias
702 3264 827 3336 possem
846 3246 902 3316 tibi
920 3265 1007 3316 nunc
1026 3247 1204 3328 ostendere,
1224 3246 1316 3317 vobis
1429 3311 1435 3324 ,

396 3414 406 3433 .
506 3371 592 3456 Quas
609 3371 684 3441 olim
700 3371 762 3442 late
779 3370 1014 3442 dominantibus
1032 3381 1115 3442 astra
1134 3361 1306 3443 reservant.

963 3731 1035 3794 cvl!

502 3993 614 4066 Cernis
630 4001 667 4062 ut
683 4011 739 4063 ora
757 3994 854 4064 maris
871 3992 988 4064 celebri
1006 3995 1166 4065 notissima
1184 3993 1265 4065 lama

501 4118 606 4188 ludica
624 4117 765 4210 adusque
780 4116 881 4209 Caput
897 4117 1099 4189 Camerinum
1115 4127 1262 4190 excurrat
1280 4121 1312 4188 iu
1326 4116 1487 4196 Austrum,

500 4241 684 4334 Taprobane
701 4240 790 4332 (Cori
809 4241 983 4334 quondam)
1001 4245 1051 4312 cui
1068 4262 1181 4334 magna
1200 4242 1314 4312 minaci

500 4366 665 4456 Objicitur,
685 4385 779 4457 quarn
797 4364 963 4436 Ceilanum
981 4366 1088 4438 dixere
1106 4367 1269 4436 minores?

499 4489 556 4560 His
573 4497 723 4582 provecta
741 4490 830 4559 vadis
846 4497 900 4560 tua
917 4510 995 4580 gens
1012 4490 1129 4561 lamosa
1147 4489 1274 4572 secabit,

498 4612 604 4698 Amnis
621 4613 781 4696 terribilis,
802 4633 883 4706 quae
901 4621 936 4684 tn
953 4635 1038 4684 nnnc
1056 4634 1193 4705 aequora
1212 4614 1329 4696 sulcas;

497 4739 649 4829 Subjiciet
666 4739 798 4829 populos
815 4739 944 4822 multos,
964 4740 1123 4832 urbesque
1141 4748 1297 4832 potentes,

496 4863 615 4934 Saeclis
633 4871 665 4932 et
681 4862 790 4933 multis
806 4864 920 4935 victrix
938 4865 1149 4937 dominabitur
1166 4866 1239 4935 illis.
