<?xml version="1.0" encoding="UTF-8"?>
<!DOCTYPE html PUBLIC "-//W3C//DTD XHTML 1.0 Transitional//EN"
    "http://www.w3.org/TR/xhtml1/DTD/xhtml1-transitional.dtd">
<html xmlns="http://www.w3.org/1999/xhtml" xml:lang="en" lang="en">
 <head>
  <title>
</title>
<meta http-equiv="Content-Type" content="text/html;charset=utf-8" />
  <meta name='ocr-system' content='tesseract 3.04.00' />
  <meta name='ocr-capabilities' content='ocr_page ocr_carea ocr_par ocr_line ocrx_word'/>
</head>
<body>
  <div class='ocr_page' id='page_1' title='image "./alusiadadeluizd00deslgoog_0092.png"; bbox 0 0 3440 5392; ppageno 0'>
   <div class='ocr_carea' id='block_1_1' title="bbox 575 485 842 806">
    <p class='ocr_par' dir='ltr' id='par_1_1' title="bbox 575 485 842 806">
     <span class='ocr_line' id='line_1_1' title="bbox 575 485 842 534; baseline 0.007 -4"><span class='ocrx_word' id='word_1_1' title='bbox 575 485 663 532; x_wconf 76' lang='lat' dir='ltr'><strong>umam</strong></span> <span class='ocrx_word' id='word_1_2' title='bbox 684 486 842 534; x_wconf 75' lang='lat' dir='ltr'><strong>sucosous</strong></span> 
     </span>
     <span class='ocr_line' id='line_1_2' title="bbox 651 743 769 806; baseline 0 -2"><span class='ocrx_word' id='word_1_3' title='bbox 651 743 769 806; x_wconf 80' lang='lat' dir='ltr'><strong>xnvru</strong></span> 
     </span>
    </p>
   </div>
   <div class='ocr_carea' id='block_1_2' title="bbox 211 1005 1080 1969">
    <p class='ocr_par' dir='ltr' id='par_1_2' title="bbox 211 1005 1080 1969">
     <span class='ocr_line' id='line_1_3' title="bbox 212 1005 1065 1098; baseline 0.001 -22"><span class='ocrx_word' id='word_1_4' title='bbox 212 1007 295 1076; x_wconf 88' lang='lat' dir='ltr'><strong>Haec</strong></span> <span class='ocrx_word' id='word_1_5' title='bbox 314 1006 410 1076; x_wconf 90' lang='lat' dir='ltr'><strong>etiam</strong></span> <span class='ocrx_word' id='word_1_6' title='bbox 427 1005 527 1075; x_wconf 91' lang='lat' dir='ltr'><strong>vetuit</strong></span> <span class='ocrx_word' id='word_1_7' title='bbox 547 1024 628 1095; x_wconf 91' lang='lat' dir='ltr'><strong>quae</strong></span> <span class='ocrx_word' id='word_1_8' title='bbox 646 1006 777 1076; x_wconf 88' lang='lat' dir='ltr'><strong>navibus</strong></span> <span class='ocrx_word' id='word_1_9' title='bbox 795 1025 904 1098; x_wconf 91' lang='lat' dir='ltr'><strong>aspera</strong></span> <span class='ocrx_word' id='word_1_10' title='bbox 923 1007 1065 1098; x_wconf 80' lang='lat' dir='ltr'><strong>iympbns</strong></span> 
     </span>
     <span class='ocr_line' id='line_1_4' title="bbox 212 1129 1044 1221; baseline -0.001 -21"><span class='ocrx_word' id='word_1_11' title='bbox 212 1131 357 1210; x_wconf 90' lang='lat' dir='ltr'><strong>Haurire,</strong></span> <span class='ocrx_word' id='word_1_12' title='bbox 378 1137 519 1220; x_wconf 90' lang='lat' dir='ltr'><strong>optatum</strong></span> <span class='ocrx_word' id='word_1_13' title='bbox 539 1130 659 1221; x_wconf 84' lang='lat' dir='ltr'><strong>gremio</strong></span> <span class='ocrx_word' id='word_1_14' title='bbox 677 1129 764 1200; x_wconf 91' lang='lat' dir='ltr'><strong>dabit</strong></span> <span class='ocrx_word' id='word_1_15' title='bbox 783 1130 883 1200; x_wconf 88' lang='lat' dir='ltr'><strong>insula</strong></span> <span class='ocrx_word' id='word_1_16' title='bbox 901 1141 1044 1221; x_wconf 90' lang='lat' dir='ltr'><strong>portum:</strong></span> 
     </span>
     <span class='ocr_line' id='line_1_5' title="bbox 213 1254 1029 1346; baseline 0.002 -22"><span class='ocrx_word' id='word_1_17' title='bbox 213 1255 269 1324; x_wconf 86' lang='lat' dir='ltr'><strong>Hic</strong></span> <span class='ocrx_word' id='word_1_18' title='bbox 286 1254 404 1324; x_wconf 79' lang='lat' dir='ltr'>etenim</span> <span class='ocrx_word' id='word_1_19' title='bbox 423 1254 553 1324; x_wconf 92' lang='lat' dir='ltr'><strong>occiduo</strong></span> <span class='ocrx_word' id='word_1_20' title='bbox 573 1255 695 1324; x_wconf 84' lang='lat' dir='ltr'><strong>venient</strong></span> <span class='ocrx_word' id='word_1_21' title='bbox 715 1275 795 1346; x_wconf 90' lang='lat' dir='ltr'><strong>quae</strong></span> <span class='ocrx_word' id='word_1_22' title='bbox 813 1255 917 1326; x_wconf 89' lang='lat' dir='ltr'><strong>littore</strong></span> <span class='ocrx_word' id='word_1_23' title='bbox 936 1276 1029 1326; x_wconf 85' lang='lat' dir='ltr'><strong>nares</strong></span> 
     </span>
     <span class='ocr_line' id='line_1_6' title="bbox 211 1378 1047 1469; baseline 0.001 -22"><span class='ocrx_word' id='word_1_24' title='bbox 211 1378 370 1448; x_wconf 83' lang='lat' dir='ltr'><strong>Invenient</strong></span> <span class='ocrx_word' id='word_1_25' title='bbox 389 1379 596 1468; x_wconf 82' lang='lat' dir='ltr'><strong>requiemque</strong></span> <span class='ocrx_word' id='word_1_26' title='bbox 616 1378 694 1458; x_wconf 84' lang='lat' dir='ltr'><strong>vine,</strong></span> <span class='ocrx_word' id='word_1_27' title='bbox 714 1399 868 1469; x_wconf 90' lang='lat' dir='ltr'><strong>casusque</strong></span> <span class='ocrx_word' id='word_1_28' title='bbox 886 1378 1047 1449; x_wconf 88' lang='lat' dir='ltr'><strong>levamen:</strong></span> 
     </span>
     <span class='ocr_line' id='line_1_7' title="bbox 211 1501 1030 1594; baseline 0.001 -23"><span class='ocrx_word' id='word_1_29' title='bbox 211 1503 293 1586; x_wconf 89' lang='lat' dir='ltr'><strong>Quin</strong></span> <span class='ocrx_word' id='word_1_30' title='bbox 312 1504 406 1571; x_wconf 90' lang='lat' dir='ltr'><strong>etiam</strong></span> <span class='ocrx_word' id='word_1_31' title='bbox 425 1509 489 1571; x_wconf 89' lang='lat' dir='ltr'><strong>tota</strong></span> <span class='ocrx_word' id='word_1_32' title='bbox 507 1501 583 1571; x_wconf 90' lang='lat' dir='ltr'><strong>baec</strong></span> <span class='ocrx_word' id='word_1_33' title='bbox 602 1501 714 1594; x_wconf 83' lang='lat' dir='ltr'><strong>pelago</strong></span> <span class='ocrx_word' id='word_1_34' title='bbox 733 1523 813 1592; x_wconf 92' lang='lat' dir='ltr'><strong>quae</strong></span> <span class='ocrx_word' id='word_1_35' title='bbox 832 1504 950 1572; x_wconf 79' lang='lat' dir='ltr'><strong>texitur</strong></span> <span class='ocrx_word' id='word_1_36' title='bbox 966 1523 1030 1584; x_wconf 93' lang='lat' dir='ltr'><strong>ora,</strong></span> 
     </span>
     <span class='ocr_line' id='line_1_8' title="bbox 211 1627 1080 1719; baseline 0.002 -23"><span class='ocrx_word' id='word_1_37' title='bbox 211 1627 296 1698; x_wconf 89' lang='lat' dir='ltr'><strong>Haec</strong></span> <span class='ocrx_word' id='word_1_38' title='bbox 314 1628 406 1697; x_wconf 90' lang='lat' dir='ltr'><strong>Lusis</strong></span> <span class='ocrx_word' id='word_1_39' title='bbox 425 1647 505 1719; x_wconf 90' lang='lat' dir='ltr'><strong>quae</strong></span> <span class='ocrx_word' id='word_1_40' title='bbox 524 1627 637 1696; x_wconf 90' lang='lat' dir='ltr'><strong>damna</strong></span> <span class='ocrx_word' id='word_1_41' title='bbox 655 1628 718 1697; x_wconf 94' lang='lat' dir='ltr'><strong>tuis</strong></span> <span class='ocrx_word' id='word_1_42' title='bbox 736 1627 921 1717; x_wconf 82' lang='lat' dir='ltr'><strong>lethumque</strong></span> <span class='ocrx_word' id='word_1_43' title='bbox 940 1629 1080 1718; x_wconf 92' lang='lat' dir='ltr'><strong>parabat,</strong></span> 
     </span>
     <span class='ocr_line' id='line_1_9' title="bbox 211 1751 1072 1842; baseline 0.003 -22"><span class='ocrx_word' id='word_1_44' title='bbox 211 1751 383 1842; x_wconf 84' lang='lat' dir='ltr'><strong>Imperium</strong></span> <span class='ocrx_word' id='word_1_45' title='bbox 402 1752 544 1842; x_wconf 89' lang='lat' dir='ltr'><strong>accipiet,</strong></span> <span class='ocrx_word' id='word_1_46' title='bbox 563 1751 742 1842; x_wconf 89' lang='lat' dir='ltr'><strong>pendetque</strong></span> <span class='ocrx_word' id='word_1_47' title='bbox 760 1752 888 1822; x_wconf 89' lang='lat' dir='ltr'><strong>subacta</strong></span> <span class='ocrx_word' id='word_1_48' title='bbox 906 1751 1072 1835; x_wconf 92' lang='lat' dir='ltr'><strong>tributum,</strong></span> 
     </span>
     <span class='ocr_line' id='line_1_10' title="bbox 212 1875 1018 1969; baseline 0.001 -23"><span class='ocrx_word' id='word_1_49' title='bbox 212 1875 345 1957; x_wconf 90' lang='lat' dir='ltr'><strong>Serviet‚</strong></span> <span class='ocrx_word' id='word_1_50' title='bbox 368 1885 400 1946; x_wconf 88' lang='lat' dir='ltr'><strong>et</strong></span> <span class='ocrx_word' id='word_1_51' title='bbox 419 1876 527 1966; x_wconf 92' lang='lat' dir='ltr'><strong>populi</strong></span> <span class='ocrx_word' id='word_1_52' title='bbox 546 1884 695 1966; x_wconf 85' lang='lat' dir='ltr'><strong>agnoscet</strong></span> <span class='ocrx_word' id='word_1_53' title='bbox 713 1879 763 1966; x_wconf 88' lang='lat' dir='ltr'><strong>pia</strong></span> <span class='ocrx_word' id='word_1_54' title='bbox 780 1878 851 1966; x_wconf 85' lang='lat' dir='ltr'><strong>jura</strong></span> <span class='ocrx_word' id='word_1_55' title='bbox 872 1880 1018 1969; x_wconf 90' lang='lat' dir='ltr'><strong>potentis.</strong></span> 
     </span>
    </p>
   </div>
   <div class='ocr_carea' id='block_1_3' title="bbox 665 2234 752 2296">
    <p class='ocr_par' dir='ltr' id='par_1_3' title="bbox 665 2234 752 2296">
     <span class='ocr_line' id='line_1_11' title="bbox 665 2234 752 2296; baseline -0.023 0"><span class='ocrx_word' id='word_1_56' title='bbox 665 2234 752 2296; x_wconf 78' lang='lat' dir='ltr'><strong>xcix</strong></span> 
     </span>
    </p>
   </div>
   <div class='ocr_carea' id='block_1_4' title="bbox 212 2497 1010 2713">
    <p class='ocr_par' dir='ltr' id='par_1_4' title="bbox 212 2497 1010 2713">
     <span class='ocr_line' id='line_1_12' title="bbox 212 2497 1010 2586; baseline -0.001 -19"><span class='ocrx_word' id='word_1_57' title='bbox 212 2497 276 2568; x_wconf 86' lang='lat' dir='ltr'><strong>Nec</strong></span> <span class='ocrx_word' id='word_1_58' title='bbox 293 2497 399 2566; x_wconf 91' lang='lat' dir='ltr'><strong>minus</strong></span> <span class='ocrx_word' id='word_1_59' title='bbox 416 2497 550 2586; x_wconf 81' lang='lat' dir='ltr'><strong>aspicies</strong></span> <span class='ocrx_word' id='word_1_60' title='bbox 567 2497 731 2586; x_wconf 64' lang='lat' dir='ltr'><strong>Erythraei</strong></span> <span class='ocrx_word' id='word_1_61' title='bbox 749 2516 906 2566; x_wconf 93' lang='lat' dir='ltr'><strong>marmora</strong></span> <span class='ocrx_word' id='word_1_62' title='bbox 925 2499 1010 2586; x_wconf 93' lang='lat' dir='ltr'><strong>ponti</strong></span> 
     </span>
     <span class='ocr_line' id='line_1_13' title="bbox 212 2621 989 2713; baseline -0.005 -20"><span class='ocrx_word' id='word_1_63' title='bbox 212 2621 350 2694; x_wconf 87' lang='lat' dir='ltr'><strong>Perdere</strong></span> <span class='ocrx_word' id='word_1_64' title='bbox 368 2642 545 2713; x_wconf 90' lang='lat' dir='ltr'><strong>purpureos</strong></span> <span class='ocrx_word' id='word_1_65' title='bbox 563 2631 684 2692; x_wconf 89' lang='lat' dir='ltr'><strong>terrore</strong></span> <span class='ocrx_word' id='word_1_66' title='bbox 701 2623 834 2693; x_wconf 86' lang='lat' dir='ltr'><strong>instante</strong></span> <span class='ocrx_word' id='word_1_67' title='bbox 854 2622 989 2692; x_wconf 90' lang='lat' dir='ltr'><strong>colores:</strong></span> 
     </span>
    </p>
   </div>
   <div class='ocr_carea' id='block_1_5' title="bbox 212 2745 1101 3478">
    <p class='ocr_par' dir='ltr' id='par_1_5' title="bbox 212 2745 1101 2953">
     <span class='ocr_line' id='line_1_14' title="bbox 213 2745 1101 2839; baseline -0.002 -21"><span class='ocrx_word' id='word_1_68' title='bbox 213 2745 407 2818; x_wconf 77' lang='lat' dir='ltr'><strong>Armussiam</strong></span> <span class='ocrx_word' id='word_1_69' title='bbox 426 2768 535 2818; x_wconf 89' lang='lat' dir='ltr'><strong>cemes</strong></span> <span class='ocrx_word' id='word_1_70' title='bbox 554 2749 710 2839; x_wconf 89' lang='lat' dir='ltr'><strong>armisque</strong></span> <span class='ocrx_word' id='word_1_71' title='bbox 730 2747 905 2838; x_wconf 91' lang='lat' dir='ltr'><strong>opibusque</strong></span> <span class='ocrx_word' id='word_1_72' title='bbox 923 2747 1101 2838; x_wconf 89' lang='lat' dir='ltr'><strong>superbam.</strong></span> 
     </span>
     <span class='ocr_line' id='line_1_15' title="bbox 212 2873 1014 2953; baseline 0.001 -11"><span class='ocrx_word' id='word_1_73' title='bbox 212 2873 265 2943; x_wconf 90' lang='lat' dir='ltr'><strong>Bis</strong></span> <span class='ocrx_word' id='word_1_74' title='bbox 282 2873 445 2953; x_wconf 91' lang='lat' dir='ltr'><strong>domitam,</strong></span> <span class='ocrx_word' id='word_1_75' title='bbox 464 2874 546 2943; x_wconf 89' lang='lat' dir='ltr'><strong>victo</strong></span> <span class='ocrx_word' id='word_1_76' title='bbox 566 2873 762 2943; x_wconf 88' lang='lat' dir='ltr'><strong>circumdare</strong></span> <span class='ocrx_word' id='word_1_77' title='bbox 781 2874 903 2942; x_wconf 87' lang='lat' dir='ltr'><strong>vincula</strong></span> <span class='ocrx_word' id='word_1_78' title='bbox 924 2873 1014 2943; x_wconf 90' lang='lat' dir='ltr'><strong>colio.</strong></span> 
     </span>
    </p>

    <p class='ocr_par' dir='ltr' id='par_1_6' title="bbox 213 2996 924 3088">
     <span class='ocr_line' id='line_1_16' title="bbox 213 2996 924 3088; baseline -0.001 -22"><span class='ocrx_word' id='word_1_79' title='bbox 213 2996 278 3066; x_wconf 86' lang='lat' dir='ltr'><strong>iilic</strong></span> <span class='ocrx_word' id='word_1_80' title='bbox 298 2997 428 3088; x_wconf 81' lang='lat' dir='ltr'><strong>aspicies</strong></span> <span class='ocrx_word' id='word_1_81' title='bbox 442 2996 610 3085; x_wconf 85' lang='lat' dir='ltr'><strong>jacientem</strong></span> <span class='ocrx_word' id='word_1_82' title='bbox 630 2997 748 3088; x_wconf 90' lang='lat' dir='ltr'><strong>spicula</strong></span> <span class='ocrx_word' id='word_1_83' title='bbox 766 2996 924 3078; x_wconf 89' lang='lat' dir='ltr'><strong>Maurum,</strong></span> 
     </span>
    </p>

    <p class='ocr_par' dir='ltr' id='par_1_7' title="bbox 214 3117 1071 3478">
     <span class='ocr_line' id='line_1_17' title="bbox 214 3117 1049 3212; baseline 0 -24"><span class='ocrx_word' id='word_1_84' title='bbox 214 3117 369 3190; x_wconf 86' lang='lat' dir='ltr'><strong>Conversa</strong></span> <span class='ocrx_word' id='word_1_85' title='bbox 387 3123 553 3212; x_wconf 94' lang='lat' dir='ltr'><strong>proprium</strong></span> <span class='ocrx_word' id='word_1_86' title='bbox 570 3121 756 3211; x_wconf 80' lang='lat' dir='ltr'><strong>transfigere</strong></span> <span class='ocrx_word' id='word_1_87' title='bbox 776 3119 905 3210; x_wconf 90' lang='lat' dir='ltr'><strong>cuspide</strong></span> <span class='ocrx_word' id='word_1_88' title='bbox 924 3129 1049 3210; x_wconf 87' lang='lat' dir='ltr'><strong>pectus:</strong></span> 
     </span>
     <span class='ocr_line' id='line_1_18' title="bbox 214 3244 1071 3335; baseline 0.002 -22"><span class='ocrx_word' id='word_1_89' title='bbox 214 3244 303 3314; x_wconf 84' lang='lat' dir='ltr'><strong>Norit</strong></span> <span class='ocrx_word' id='word_1_90' title='bbox 320 3253 356 3314; x_wconf 91' lang='lat' dir='ltr'><strong>ut</strong></span> <span class='ocrx_word' id='word_1_91' title='bbox 374 3247 405 3314; x_wconf 94' lang='lat' dir='ltr'><strong>in</strong></span> <span class='ocrx_word' id='word_1_92' title='bbox 424 3246 532 3334; x_wconf 86' lang='lat' dir='ltr'><strong>Lysios</strong></span> <span class='ocrx_word' id='word_1_93' title='bbox 551 3245 675 3335; x_wconf 89' lang='lat' dir='ltr'><strong>quando</strong></span> <span class='ocrx_word' id='word_1_94' title='bbox 694 3245 809 3335; x_wconf 83' lang='lat' dir='ltr'><strong>ingerit</strong></span> <span class='ocrx_word' id='word_1_95' title='bbox 827 3265 924 3326; x_wconf 91' lang='lat' dir='ltr'><strong>arma,</strong></span> <span class='ocrx_word' id='word_1_96' title='bbox 944 3265 1071 3315; x_wconf 90' lang='lat' dir='ltr'><strong>movere</strong></span> 
     </span>
     <span class='ocr_line' id='line_1_19' title="bbox 214 3369 1003 3478; baseline 0.001 -39"><span class='ocrx_word' id='word_1_97' title='bbox 214 3369 295 3440; x_wconf 85' lang='lat' dir='ltr'><strong>Bella</strong></span> <span class='ocrx_word' id='word_1_98' title='bbox 314 3369 385 3450; x_wconf 89' lang='lat' dir='ltr'><strong>sibi,</strong></span> <span class='ocrx_word' id='word_1_99' title='bbox 405 3370 595 3461; x_wconf 88' lang='lat' dir='ltr'><strong>scelerisque</strong></span> <span class='ocrx_word' id='word_1_100' title='bbox 614 3371 662 3440; x_wconf 91' lang='lat' dir='ltr'><strong>sui</strong></span> <span class='ocrx_word' id='word_1_101' title='bbox 681 3371 858 3460; x_wconf 89' lang='lat' dir='ltr'><strong>dependere</strong></span> <span class='ocrx_word' id='word_1_102' title='bbox 877 3391 1003 3478; x_wconf 86' lang='lat' dir='ltr'><strong>poenas.</strong></span> 
     </span>
    </p>
   </div>
   <div class='ocr_carea' id='block_1_6' title="bbox 701 3729 723 3790">
    <p class='ocr_par' dir='ltr' id='par_1_8' title="bbox 701 3729 723 3790">
     <span class='ocr_line' id='line_1_20' title="bbox 701 3729 723 3790; baseline 0 0"><span class='ocrx_word' id='word_1_103' title='bbox 701 3729 723 3790; x_wconf 95' lang='lat' dir='ltr'>L</span> 
     </span>
    </p>
   </div>
   <div class='ocr_carea' id='block_1_7' title="bbox 214 3989 1027 4951">
    <p class='ocr_par' dir='ltr' id='par_1_9' title="bbox 214 3989 1027 4951">
     <span class='ocr_line' id='line_1_21' title="bbox 215 3989 923 4060; baseline 0.001 -1"><span class='ocrx_word' id='word_1_104' title='bbox 215 3991 288 4060; x_wconf 91' lang='lat' dir='ltr'><strong>Inde</strong></span> <span class='ocrx_word' id='word_1_105' title='bbox 307 3989 357 4058; x_wconf 88' lang='lat' dir='ltr'><strong>Dii</strong></span> <span class='ocrx_word' id='word_1_106' title='bbox 376 4009 485 4060; x_wconf 88' lang='lat' dir='ltr'><strong>cernes</strong></span> <span class='ocrx_word' id='word_1_107' title='bbox 502 3991 670 4060; x_wconf 82' lang='lat' dir='ltr'><strong>fortissima</strong></span> <span class='ocrx_word' id='word_1_108' title='bbox 688 3993 811 4060; x_wconf 92' lang='lat' dir='ltr'><strong>moenia</strong></span> <span class='ocrx_word' id='word_1_109' title='bbox 831 3993 923 4060; x_wconf 91' lang='lat' dir='ltr'><strong>Lusis</strong></span> 
     </span>
     <span class='ocr_line' id='line_1_22' title="bbox 215 4113 963 4196; baseline -0.003 -12"><span class='ocrx_word' id='word_1_110' title='bbox 215 4113 358 4195; x_wconf 88' lang='lat' dir='ltr'><strong>Subdita,</strong></span> <span class='ocrx_word' id='word_1_111' title='bbox 380 4113 555 4184; x_wconf 88' lang='lat' dir='ltr'><strong>Turcamm</strong></span> <span class='ocrx_word' id='word_1_112' title='bbox 573 4114 644 4184; x_wconf 91' lang='lat' dir='ltr'><strong>bina</strong></span> <span class='ocrx_word' id='word_1_113' title='bbox 665 4113 825 4184; x_wconf 88' lang='lat' dir='ltr'><strong>obsidione</strong></span> <span class='ocrx_word' id='word_1_114' title='bbox 844 4117 963 4196; x_wconf 91' lang='lat' dir='ltr'><strong>teneri;</strong></span> 
     </span>
     <span class='ocr_line' id='line_1_23' title="bbox 214 4238 1027 4329; baseline -0.001 -21"><span class='ocrx_word' id='word_1_115' title='bbox 214 4238 318 4309; x_wconf 76' lang='lat' dir='ltr'><strong>Altius</strong></span> <span class='ocrx_word' id='word_1_116' title='bbox 336 4239 407 4309; x_wconf 91' lang='lat' dir='ltr'><strong>hinc</strong></span> <span class='ocrx_word' id='word_1_117' title='bbox 426 4240 513 4308; x_wconf 88' lang='lat' dir='ltr'><strong>coeio</strong></span> <span class='ocrx_word' id='word_1_118' title='bbox 533 4239 620 4308; x_wconf 83' lang='lat' dir='ltr'><strong>tollet</strong></span> <span class='ocrx_word' id='word_1_119' title='bbox 638 4259 672 4307; x_wconf 89' lang='lat' dir='ltr'><strong>se</strong></span> <span class='ocrx_word' id='word_1_120' title='bbox 691 4239 805 4329; x_wconf 80' lang='lat' dir='ltr'><strong>gioria;</strong></span> <span class='ocrx_word' id='word_1_121' title='bbox 826 4240 899 4309; x_wconf 90' lang='lat' dir='ltr'><strong>Lusi</strong></span> <span class='ocrx_word' id='word_1_122' title='bbox 1020 4283 1027 4300; x_wconf 75' lang='grc'>.</span> 
     </span>
     <span class='ocr_line' id='line_1_24' title="bbox 214 4362 956 4454; baseline -0.004 -20"><span class='ocrx_word' id='word_1_123' title='bbox 214 4363 325 4434; x_wconf 85' lang='lat' dir='ltr'><strong>Martia</strong></span> <span class='ocrx_word' id='word_1_124' title='bbox 344 4365 512 4453; x_wconf 83' lang='lat' dir='ltr'><strong>sanguineo</strong></span> <span class='ocrx_word' id='word_1_125' title='bbox 530 4362 698 4454; x_wconf 89' lang='lat' dir='ltr'><strong>patrabunt</strong></span> <span class='ocrx_word' id='word_1_126' title='bbox 716 4363 848 4453; x_wconf 82' lang='lat' dir='ltr'><strong>pulvere</strong></span> <span class='ocrx_word' id='word_1_127' title='bbox 866 4363 956 4432; x_wconf 84' lang='lat' dir='ltr'><strong>iacta.</strong></span> 
     </span>
     <span class='ocr_line' id='line_1_25' title="bbox 215 4486 1014 4578; baseline 0 -23"><span class='ocrx_word' id='word_1_128' title='bbox 215 4486 351 4556; x_wconf 90' lang='lat' dir='ltr'><strong>Invidiae</strong></span> <span class='ocrx_word' id='word_1_129' title='bbox 370 4487 504 4558; x_wconf 87' lang='lat' dir='ltr'><strong>stimulis</strong></span> <span class='ocrx_word' id='word_1_130' title='bbox 522 4488 672 4578; x_wconf 84' lang='lat' dir='ltr'><strong>agitatum</strong></span> <span class='ocrx_word' id='word_1_131' title='bbox 692 4489 852 4578; x_wconf 83' lang='lat' dir='ltr'><strong>ignescere</strong></span> <span class='ocrx_word' id='word_1_132' title='bbox 870 4487 1014 4567; x_wconf 89' lang='lat' dir='ltr'><strong>Martem,</strong></span> 
     </span>
     <span class='ocr_line' id='line_1_26' title="bbox 215 4610 991 4702; baseline 0 -22"><span class='ocrx_word' id='word_1_133' title='bbox 215 4610 330 4682; x_wconf 81' lang='lat' dir='ltr'><strong>bellica</strong></span> <span class='ocrx_word' id='word_1_134' title='bbox 348 4611 506 4681; x_wconf 90' lang='lat' dir='ltr'><strong>Lusorum</strong></span> <span class='ocrx_word' id='word_1_135' title='bbox 523 4611 689 4681; x_wconf 86' lang='lat' dir='ltr'><strong>mirantem</strong></span> <span class='ocrx_word' id='word_1_136' title='bbox 708 4621 846 4702; x_wconf 91' lang='lat' dir='ltr'><strong>pectora,</strong></span> <span class='ocrx_word' id='word_1_137' title='bbox 868 4631 991 4695; x_wconf 90' lang='lat' dir='ltr'><strong>cernes;</strong></span> 
     </span>
     <span class='ocr_line' id='line_1_27' title="bbox 217 4733 1002 4824; baseline 0.001 -20"><span class='ocrx_word' id='word_1_138' title='bbox 217 4733 377 4824; x_wconf 76' lang='lat' dir='ltr'><strong>Accipient</strong></span> <span class='ocrx_word' id='word_1_139' title='bbox 396 4734 458 4804; x_wconf 90' lang='lat' dir='ltr'><strong>iilic</strong></span> <span class='ocrx_word' id='word_1_140' title='bbox 476 4735 659 4805; x_wconf 87' lang='lat' dir='ltr'><strong>Maurorum</strong></span> <span class='ocrx_word' id='word_1_141' title='bbox 679 4744 817 4805; x_wconf 81' lang='lat' dir='ltr'><strong>extrema</strong></span> <span class='ocrx_word' id='word_1_142' title='bbox 837 4735 1002 4805; x_wconf 92' lang='lat' dir='ltr'><strong>cadentum</strong></span> 
     </span>
     <span class='ocr_line' id='line_1_28' title="bbox 218 4860 1002 4951; baseline 0.003 -22"><span class='ocrx_word' id='word_1_143' title='bbox 218 4860 334 4940; x_wconf 90' lang='lat' dir='ltr'><strong>Verba,</strong></span> <span class='ocrx_word' id='word_1_144' title='bbox 354 4861 470 4951; x_wconf 90' lang='lat' dir='ltr'><strong>quibus</strong></span> <span class='ocrx_word' id='word_1_145' title='bbox 487 4880 602 4951; x_wconf 87' lang='lat' dir='ltr'><strong>supero</strong></span> <span class='ocrx_word' id='word_1_146' title='bbox 620 4861 730 4932; x_wconf 81' lang='lat' dir='ltr'><strong>facient</strong></span> <span class='ocrx_word' id='word_1_147' title='bbox 749 4862 887 4931; x_wconf 90' lang='lat' dir='ltr'><strong>convicia</strong></span> <span class='ocrx_word' id='word_1_148' title='bbox 905 4862 1002 4931; x_wconf 87' lang='lat' dir='ltr'><strong>coelo.</strong></span> 
     </span>
    </p>
   </div>
   <div class='ocr_carea' id='block_1_8' title="bbox 0 0 1729 5392">
    <p class='ocr_par' dir='ltr' id='par_1_10' title="bbox 0 0 1729 5392">
     <span class='ocr_line' id='line_1_29' title="bbox 0 0 1729 5392; baseline 0 0"><span class='ocrx_word' id='word_1_149' title='bbox 0 0 1729 5392; x_wconf 95' lang='lat' dir='ltr'><strong> </strong></span> 
     </span>
    </p>
   </div>
  </div>
 </body>
</html>
