3384 5370
592 467 681 513 uiuuu
699 439 829 514 nunnus

673 723 751 786 CXX

213 988 299 1074 Euge
318 985 432 1074 (puetis
451 1003 569 1064 amane,
586 984 693 1075 Agnes
711 984 938 1075 pulcherrima,
959 983 1079 1054 fructus

214 1109 333 1180 Aetatis
351 1117 477 1178 tenerae
492 1108 631 1198 jucunde
650 1109 683 1176 in
701 1129 778 1198 paee
796 1108 935 1198 legebus,

215 1234 314 1303 Duetu
330 1233 436 1316 hunis·
457 1253 537 1324 quae
555 1233 647 1323 fingit
667 1254 767 1315 amor,
789 1253 868 1323 quae
887 1253 976 1304 caeca
993 1233 1148 1324 voluptas,

215 1361 302 1442 Quae
319 1379 482 1447 nunquam
501 1357 554 1427 dut
572 1379 662 1428 evene
683 1357 738 1426 diu
756 1358 879 1428 suntuna
897 1359 1007 1449 putini;

215 1482 361 1554 Mollibus
379 1483 411 1550 iu
429 1482 562 1553 Mundae
581 1483 709 1572 eampis,
732 1483 823 1572 queis
841 1502 950 1552 sensus
967 1502 1112 1551 annerum
1132 1491 1190 1562 est,

216 1605 345 1676 Mundae
364 1628 460 1696 quein
478 1606 621 1696 pulchris
639 1615 693 1675 tua
711 1607 831 1675 lumina
850 1605 978 1676 fletibus
996 1615 1123 1696 augent,

217 1731 360 1821 Rupibus
379 1733 559 1822 insculpens
577 1731 676 1810 dunis,
697 1740 729 1801 et
747 1731 898 1800 mullibus
914 1731 1024 1801 herbis

217 1855 404 1944 inscriptum
425 1875 533 1924 eanum
554 1855 637 1944 quud
656 1863 784 1944 pectere
804 1875 920 1925 nomen
940 1854 1088 1924 habebas.

669 2211 758 2274 CXXI

217 2475 282 2544 illie
301 2475 393 2544 chana
414 2477 459 2544 tui
479 2475 536 2544 tibi
555 2476 708 2566 principis
726 2476 826 2544 adstat
845 2477 949 2566 imago

217 2600 320 2690 ignea,
341 2608 372 2670 et
392 2601 443 2672 ille
462 2611 517 2670 tuo
536 2600 703 2671 redemens
720 2601 890 2691 respondet
909 2603 1027 2672 unioni:

217 2725 260 2796 Te
279 2747 406 2816 quoque
424 2747 524 2818 quum
541 2747 643 2797 nexus
662 2727 802 2796 absentie
819 2727 941 2807 dividit,
961 2727 1013 2797 iile

217 2848 299 2918 Ante
316 2849 426 2920 oeulos
444 2850 593 2940 praefert,
613 2860 644 2920 et
664 2870 719 2920 een
738 2860 790 2919 tua
809 2870 884 2920 eure
902 2851 1076 2933 remundeu
1162 2847 1167 2856 ’

218 2973 282 3044 Seu
298 2985 395 3045 noctu
412 2975 572 3046 oblectant
591 2996 690 3067 quum
709 2976 813 3048 dulcia
828 2977 952 3046 'somnia
969 2997 1090 3056 sensus,

219 3099 291 3170 Sive
310 3100 364 3170 diu
383 3101 501 3172 celeres
518 3101 649 3170 volitent
668 3122 768 3193 quum
786 3111 913 3193 pectore
931 3123 1038 3186 eurae3

218 3223 268 3292 Nil
286 3225 386 3294 oeulis
403 3225 515 3306 cernit,
535 3227 668 3295 memori
688 3227 732 3295 nil
751 3235 857 3296 niente
875 3226 1003 3309 volutet,

220 3348 311 3432 Quod
328 3368 392 3418 non
410 3350 598 3438 praeteritae
616 3349 729 3419 referet
747 3350 807 3420 sibi
825 3349 937 3440 gaudia
956 3352 1060 3422 sortis.

597 3681 604 3696 '
665 3706 767 3768 exxu

221 3959 370 4036 Natarum
390 3987 503 4057 regum
523 3967 679 4038 connubia
698 3968 796 4038 multu
815 3968 939 4048 refutat,

222 4099 305 4183 Ques
324 4100 431 4191 plures
449 4101 577 4190 cupiere
595 4101 699 4190 proei‚·
715 4121 848 4192 (puerum
868 4100 995 4191 ignibus
1013 4101 1139 4185 urdene

222 4224 334 4294 Omnia
353 4233 388 4293 tu
405 4226 461 4295 sed
479 4225 594 4294 temnis
613 4227 712 4306 emer,
733 4217 831 4316 quui'n
849 4226 960 4316 purior
978 4226 1060 4316 ignis
1087 4269 1089 4274 ·

222 4350 349 4420 Pectore
369 4362 453 4421 ceste
471 4351 580 4420 domas
598 4351 780 4442 formaeque
800 4352 943 4422 accendis
961 4352 1090 4423 hunone.

222 4473 262 4542 At
279 4484 370 4565 peter
382 4473 574 4565 Aiphunsus,
596 4483 738 4544 naturae
756 4475 896 4566 pendere
915 4476 1028 4546 mentis

221 4597 412 4689 Expendens
431 4599 558 4689 gnavius
577 4607 681 4669 tantae
699 4599 851 4670 miracula
870 4599 981 4680 iemee,

223 4722 440 4812 Rumonesque
459 4725 574 4793 tinuens
592 4724 711 4814 pupuli,
731 4725 859 4815 natique
877 4723 998 4793 calores

222 4846 270 4918 ine
286 4849 370 4920 ultre
387 4850 518 4928 venitus,
539 4869 620 4919 nove
640 4853 693 4946 qui
713 4850 868 4924 eunnubie
887 4855 1018 4930 teninet;
