3384 5372
523 514 527 521 Ι
590 446 682 493 LIBER
699 445 846 492 SEPTLllL'S

648 701 790 765 LXXVlll

225 967 359 1036 Ramum
377 965 486 1064 dextra
503 967 600 1056 gerit:
621 963 677 1034 sed
695 982 758 1054 quo
775 963 861 1033 lercr
879 963 993 1033 incitus
1012 971 1099 1031 aestu

104 1117 107 1125 “
226 1090 365 1170 Insanus,
385 1109 599 1182 praecepsque
619 1089 731 1169 animi,
751 1096 782 1158 et
800 1087 987 1158 temerarius
1005 1083 1113 1156 ause‘l¹

215 1216 292 1286 ¹Nec
309 1235 366 1285 ves
383 1235 402 1284 ο
419 1214 581 1306 Nymphae
599 1214 780 1294 Mondaere,
801 1213 927 1303 Tagive,
946 1212 1100 1302 benignae

226 1339 311 1409 Estis
328 1339 360 1406 in
377 1339 437 1408 hcc
456 1339 586 1408 comites
604 1338 770 1428 longarum
788 1357 897 1408 errore
914 1337 1058 1406 viarum?

226 1463 332 1544 Ferte,
352 1483 474 1554 precer,
495 1463 574 1533 lerte
593 1463 754 1543 auxilium,
775 1482 848 1531 nam
865 1470 971 1532 nestra
989 1461 1165 1550 parandas

227 1586 317 1656 Ponti
336 1607 429 1678 parra
448 1587 523 1656 ratis
543 1607 637 1658 saevo
656 1586 708 1657 dat
727 1587 821 1656 lintea
839 1593 943 1666 vento,

227 1711 268 1781 Et
285 1719 413 1793 certam,
433 1713 465 1780 ni
483 1711 572 1782 lertis
590 1732 695 1802 opem,
714 1710 791 1780 mihi
806 1711 878 1801 jure
896 1710 1072 1780 timendum
1089 1718 1147 1790 est,

227 1836 363 1907 Nemea
382 1839 477 1928 quim
496 1837 637 1927 primum
656 1836 757 1906 ssuctu
774 1835 887 1906 obruta
906 1833 1017 1924 cymba
1036 1833 1166 1903 latiscat.

663 2193 779 2256 LXXlX

229 2457 256 2527 0
275 2466 410 2527 vestram
428 2456 550 2536 subeat,
571 2457 665 2547 lenge
683 2465 754 2546 pust
771 2464 926 2546 ternpore,
947 2465 1095 2536 mentem,

227 2582 278 2651 llle
291 2581 470 2672 profugum,
487 2589 695 2672 vestrumque
706 2580 839 2670 Tagum,
853 2589 1036 2671 restrosque
1051 2588 1216 2649 canentem

228 2705 387 2786 Lnsiades,
408 2727 425 2774 a
444 2713 528 2776 sorte
547 2703 627 2806 trahi
647 2705 803 2794 terrisque
821 2711 974 2796 marique,

227 2829 405 2920 Expertum
422 2829 547 2899 assidue
566 2849 644 2898 nova
662 2828 787 2908 damna,
806 2847 966 2918 novusque
984 2826 1116 2906 labores,

228 2955 317 3024 Nunc
335 2954 437 3044 pelagi
455 2953 556 3034 iuriis,
576 2953 916 3043 nunctempestatibus
934 2961 1038 3022 actum
1113 2949 1115 2955 ’

229 3079 287 3148 Tut
304 3079 410 3158 variis
430 3099 507 3169 quas
525 3079 593 3148 dira
610 3079 694 3148 cient
712 3078 890 3149 discrimina
909 3078 997 3148 bellil

229 3201 296 3274 Cen
313 3203 435 3274 Canace
453 3204 560 3274 infelix
578 3207 672 3274 morti
691 3203 804 3274 devota
821 3205 947 3285 minaci,

229 3329 301 3401 Una
318 3350 430 3399 manus
449 3330 600 3420 gladium,
621 3331 777 3399 calamum
795 3339 878 3400 tenet
897 3330 991 3400 altera
1009 3327 1127 3400 nostra!

672 3689 777 3750 LXXX

230 3951 298 4020 Jam
317 3951 425 4042 procul
445 3973 461 4020 a
481 3952 580 4041 patria
598 3971 655 4040 per
674 3959 755 4020 tecta
774 3951 882 4032 aliena,
905 3941 1046 4040 laresque

229 4076 363 4166 ignotos,
384 4077 484 4148 desert
501 4078 654 4147 miserum
672 4097 723 4146 me
743 4078 845 4165 turpis
864 4083 1002 4166 egestas;

230 4201 299 4269 lam
317 4209 468 4291 concepta
487 4201 587 4290 prius
607 4199 721 4270 fiducia
740 4199 819 4271 ludit
838 4199 947 4280 inanis,

230 4321 345 4414 Dejicit
362 4333 394 4394 et
411 4327 573 4404 miserum,
594 4345 755 4415 nunquam
774 4323 912 4393 lallacier
930 4323 1016 4393 olim.

230 4451 270 4519 Et
289 4451 411 4541 quoties
429 4451 550 4520 circum
564 4451 629 4541 jam
648 4450 747 4520 lassus
766 4450 870 4519 littora
888 4447 990 4518 nando

230 4576 429 4645 Praesentem
446 4575 522 4657 vidi,
543 4585 629 4647 certe
648 4575 838 4654 discrimine,
858 4584 1004 4654 mertem,

229 4701 273 4772 Ut
291 4721 435 4771 servasse
453 4720 568 4780 meam,
587 4707 651 4770 tam
670 4701 709 4770 sit
728 4698 873 4770 mirabile
891 4699 1000 4780 vitam,

231 4825 333 4909 Quam
351 4826 450 4895 Judae
469 4827 535 4915 regi
555 4824 683 4894 concedi
704 4823 827 4914 longius
847 4824 975 4893 aevum!
