3440 5392
634 456 723 512 LIBER
741 457 851 512 PRIMUS

684 722 804 784 XXXXl

244 971 311 1058 Sed
328 986 414 1057 Mars
433 985 626 1076 armipotens
639 983 772 1054 Veneris
791 984 845 1074 qui
860 982 932 1072 jura
952 983 1070 1052 solebat

245 1113 327 1183 Ante
346 1113 422 1182 alios
440 1111 574 1180 nimium
592 1109 714 1179 firmata
732 1117 838 1178 lnente
857 1109 949 1190 tueri,

246 1239 333 1330 (Sive
352 1237 437 1328 quod
455 1237 582 1327 antiquo
597 1235 704 1306 Venus
722 1234 901 1326 irnpellebat
919 1245 1037 1314 amore,

245 1365 311 1434 Son
329 1364 430 1432 Lusae
449 1363 549 1454 gentis
568 1362 668 1432 vlrtos
686 1361 802 1430 invicta
820 1359 1002 1450 movebat3)

247 1485 404 1557 Consessu
422 1486 563 1557 emedio
581 1486 697 1576 surgit:
719 1485 850 1554 statione
867 1483 974 1555 relicta

246 1611 376 1694 Prodiit,
395 1612 475 1681 irato
494 1611 614 1691 similis,
635 1610 808 1700 similisque
826 1609 969 1689 minanti;

247 1735 382 1805 Scotum
402 1755 418 1802 a
437 1752 572 1814 summo,
594 1733 679 1826 quod
698 1733 853 1824 dependet
873 1733 975 1802 inilia
994 1732 1087 1812 eollo,

246 1859 373 1950 Projicit
392 1862 424 1929 in
442 1870 569 1950 tergum
587 1859 787 1938 metuendus,
807 1867 838 1928 et
856 1859 966 1948 igneus
985 1858 1042 1927 ira.

677 2220 810 2282 XXXVH

247 2457 345 2574 Inque
364 2492 456 2574 caput
476 2483 561 2573 galea
579 2482 710 2574 paulurn
727 2502 767 2553 en
786 2482 949 2552 adamante
968 2483 1107 2560 reducta,

248 2609 388 2679 Securus
406 2608 579 2700 plenusque
598 2610 658 2688 sul,
679 2628 741 2698 quo
759 2607 897 2697 proferat
917 2607 995 2677 altae

248 2730 400 2802 Indicium
417 2732 541 2812 mentis,
561 2751 667 2802 eorarn
685 2732 763 2801 Jove
782 2731 931 2811 constitit,
951 2750 1022 2800 aere

248 2855 412 2937 ObtectuS,
432 2855 540 2946 rigidis
558 2865 589 2925 et
607 2855 707 2925 durus
725 2864 756 2925 et
774 2875 845 2924 aoer
863 2856 895 2924 in
914 2856 1024 2936 a1·nnis;

246 2963 319 3048 llos
337 2979 459 3049 hastam
478 2979 616 3050 attollens
635 2977 730 3070 (quae
749 2978 824 3048 belli
843 2977 976 3070 insigne)
995 2999 1162 3048 coruscum

247 3104 282 3174 ln
300 3105 414 3175 solium
432 3116 560 3175 contum
578 3105 747 3174 metuendo
767 3103 871 3195 dejicit
890 3105 965 3186 iotu,

248 3229 317 3314 Quo
335 3230 430 3299 Polus
448 3229 619 3311 intremuit,
640 3238 762 3300 terrore
781 3232 918 3300 incertus
937 3230 1049 3319 Apollo

248 3353 386 3424 Perdidit
404 3354 555 3434 innaturn,
576 3353 702 3423 turbata
720 3354 800 3432 luce,
821 3355 969 3424 oolorern.

670 3713 815 3775 XXXVHl

247 3975 334 4046 Tune
353 3976 398 4044 sio
416 3974 600 4065 alloquitur:
620 3975 752 4057 Rerum,
772 3995 791 4046 o
811 3977 903 4046 Pater
921 3977 1048 4066 optime,
1070 3977 1160 4065 cujus

247 4097 393 4190 Imperio,
413 4115 630 4189 quaecumque
649 4108 703 4169 tuo
722 4109 793 4168 sunt
812 4100 935 4170 condita
952 4111 1042 4181 nutu,

247 4223 444 4304 Subduntur,
463 4222 626 4313 populum,
648 4224 701 4313 qui
720 4243 803 4292 nune
822 4223 944 4294 diversa
961 4225 1095 4315 requirit

247 4347 340 4418 Astra
357 4349 442 4438 polo,
462 4349 552 4439 eujus
571 4345 721 4418 virtutem
738 4369 936 4439 operumque
954 4349 1076 4421 labores

246 4471 380 4562 Semper
399 4491 518 4541 amasse
537 4491 620 4552 reor,
640 4473 725 4542 nulla
744 4474 769 4541 si
788 4471 858 4543 labe
878 4475 989 4552 notari,

246 4595 333 4679 Quae
351 4603 405 4664 tua
422 4615 513 4664 mens
532 4589 691 4678 luit‘ante,
712 4596 800 4676 velis,
821 4617 861 4666 ne
880 4597 963 4666 dieta
982 4599 1074 4688 Lyaei

244 4700 371 4811 decipe,
392 4740 467 4790 eum
481 4719 579 4809 judex
598 4723 640 4790 sis
657 4731 774 4802 rectus
794 4731 825 4790 et
843 4722 960 4791 arbiter
979 4727 1082 4814 aequi,

244 4845 298 4916 ille
315 4857 347 4915 et
365 4848 450 4917 enim
468 4844 602 4914 invidiae
620 4847 754 4916 stimulis
773 4848 907 4938 agitatur
926 4851 1050 4918 amaris

353 4961 366 4998 ἵ
