3394 5372
582 465 670 514 cicun
689 466 806 513 snmus

670 723 720 784 LX

199 990 340 1057 Intentus
358 1005 482 1076 pugnae
501 983 580 1054 solio
598 987 666 1054 Rex
685 985 797 1074 anglus
815 986 846 1054 in
865 986 926 1054 alto

198 1113 340 1192 Sederat,
361 1120 392 1182 et
411 1119 513 1181 toturn
534 1111 709 1201 repleverat
728 1111 797 1179 aula
817 1111 985 1180 theatrum.

198 1240 290 1308 Sorte
310 1237 412 1316 clatris,
432 1245 599 1326 certusque
619 1236 717 1317 locus
738 1257 799 1305 non
819 1245 939 1326 sponte,
960 1236 1103 1317 sedendi;

199 1361 399 1432 Concurrunt
418 1361 499 1430 terni
518 1361 644 1451 partim,
666 1360 845 1450 partimque
864 1361 1018 1450 quaterni.

199 1485 245 1554 Ex
265 1485 328 1553 alto
346 1484 447 1564 Titan,
467 1485 520 1575 qui
541 1505 618 1574 quas
636 1484 740 1574 Tagus
758 1485 868 1574 irrigat
886 1505 968 1564 oraS,

200 1609 240 1678 Et
258 1628 474 1699 quascumque
492 1609 569 1700 alias
587 1609 747 1698 despectat
766 1608 804 1677 ad
824 1609 931 1677 ultima
950 1609 1071 1686 Bactra,

201 1732 338 1802 Bissenis
357 1732 473 1800 virtute
492 1751 584 1822 pares
603 1753 663 1801 non
684 1733 833 1821 conspicit
847 1731 957 1820 buglis

200 1856 353 1926 Undenas
371 1877 474 1946 pugna
495 1857 547 1946 qui
568 1860 688 1926 certant
707 1856 831 1926 vincere
850 1857 958 1926 lusos.

666 2215 727 2276 cu
771 2291 783 2308 Ι

202 2477 307 2546 Aurea
327 2477 514 2568 cornipedes
533 2479 655 2568 spumis
674 2486 819 2567 argentea
838 2479 990 2548 mandunt

203 2605 303 2673 Frena
323 2603 396 2684 leri;
418 2603 529 2673 rabido
548 2612 629 2674 stant
648 2623 700 2674 ora
722 2605 847 2674 incensa
866 2604 986 2685 iurore;

202 2728 275 2797 Sole
294 2719 498 2816 repercussus
518 2727 666 2820 rutilabat
685 2726 787 2817 lulgor
805 2727 837 2796 in
855 2729 960 2808 armis,

203 2849 268 2920 Ceu
288 2871 361 2920 cum
379 2851 535 2940 crystallo,
557 2851 693 2921 solidove
712 2851 875 2921 adamante
894 2852 1029 2921 relucet:

203 2972 381 3064 lmparibus
399 2984 503 3045 tamen
524 2973 634 3044 ambae
653 2977 735 3044 acies
754 2974 785 3044 in
804 2974 921 3064 praelia
941 2975 1074 3044 tendunt

203 3098 350 3184 Legibus,
366 3097 449 3167 bauo
464 3099 549 3189 justo
566 3097 673 3168 videas
691 3117 879 3167 concurrere
897 3099 997 3168 Marte

202 3223 355 3294 Undenos
374 3224 498 3305 isthinc,
518 3223 678 3294 duodenos
697 3223 784 3292 inde:
807 3224 942 3294 tumultu
1048 3309 1052 3314 Ι

202 3347 307 3429 errrm
328 3346 432 3416 subito
451 3347 616 3416 attonitum
636 3348 736 3438 coepit
756 3347 930 3418 fervescere
949 3349 1072 3437 vulgus.

659 3705 734 3768 LXll

204 3969 267 4038 Ora
285 3989 407 4050 omnes
429 3978 556 4040 revocat
575 3981 638 4058 quo
658 3969 758 4049 turba,
780 3978 811 4038 et
831 3969 948 4038 lumina
967 3977 1105 4047 vertunt,

204 4095 345 4185 Quisque
363 4096 451 4185 cupit
469 4096 544 4164 tanti
563 4113 689 4166 causam
705 4095 769 4184 jam
789 4113 878 4164 nosse
896 4094 1064 4164 tumultus:

203 4218 284 4288 Tum
303 4219 431 4289 demum
451 4240 622 4310 generosus
640 4239 736 4310 eques
754 4219 946 4309 fulgentibus
964 4220 1060 4288 armis

203 4342 312 4423 lnbat,
333 4365 451 4434 equum
470 4345 611 4425 flectens,
633 4364 691 4415 ceu
709 4365 743 4414 se
761 4345 840 4413 ierat
858 4343 971 4413 obvius
988 4342 1081 4412 hosti.

203 4470 324 4559 Regem
342 4470 417 4551 adit,
438 4470 619 4560 alloquitur,
640 4469 752 4541 turbae
770 4490 843 4539 mox
861 4487 894 4538 se
915 4469 1048 4558 impiger
1066 4469 1159 4538 ollert

204 4573 382 4684 virgineae,
403 4594 537 4664 undenis
554 4594 718 4684 (praesens
736 4603 783 4664 est
800 4593 850 4662 ille
868 4590 1052 4684 Magrissus)

204 4717 300 4788 clodo
318 4739 352 4788 se
370 4720 502 4799 socium,
523 4721 686 4810 sociosque
704 4719 866 4808 amplexus
883 4719 993 4798 amice,

204 4852 325 4924 Edocet
344 4853 376 4922 in
394 4853 499 4924 dubiis
517 4873 677 4943 nunquam
697 4873 765 4922 sese
785 4851 891 4922 ablore
911 4853 1016 4922 rebus.
