3394 5372
927 432 1082 480 tustanus:

991 691 1025 753 Ll

507 950 667 1041 Apparent
686 953 768 1020 muri
788 952 900 1042 primis
919 952 1044 1022 subtilia
1063 955 1164 1044 portis

507 1073 678 1144 llaeclaleae
697 1085 900 1145 monumenta
920 1097 1042 1156 manus,
1062 1077 1221 1168 descripta
1239 1079 1351 1170 figuris

506 1200 620 1290 Inclyta
640 1200 718 1272 lacta
736 1202 858 1270 tirum:
879 1202 1001 1272 stabant
1020 1203 1169 1293 spirantia
1188 1205 1279 1295 signa

506 1323 654 1393 ludorum
675 1333 817 1419 veterum
835 1327 941 1395 varies
959 1328 1165 1396 memorantis
1185 1347 1289 1398 casus:

506 1447 624 1518 Tantus
642 1449 672 1518 in
692 1451 849 1539 expressis
868 1449 956 1539 rigor
975 1459 1022 1519 est
1041 1459 1071 1519 et
1091 1451 1189 1540 gratia
1207 1451 1327 1523 termis.

505 1573 546 1642 Et
566 1584 628 1641 tam
647 1574 807 1662 praeteriti
826 1574 919 1642 viras
938 1582 998 1642 stat
1014 1575 1112 1664 gloria
1133 1575 1215 1656 laeti,

505 1696 549 1767 Ut
568 1697 849 1789 quicumqueillns
868 1707 997 1767 eventus
1015 1699 1136 1768 noverit
1157 1708 1238 1780 ente,

506 1819 617 1890 Omnia
636 1841 708 1890 mex
728 1822 843 1891 recnlat
861 1843 941 1913 quae
959 1821 1030 1892 ficta
1050 1823 1081 1891 in
1102 1821 1238 1913 imagine
1256 1825 1367 1893 cernit.

987 2181 1034 2244 Lll

381 2430 385 2438 ’
504 2443 588 2512 Ecce
606 2451 711 2512 autem
730 2463 856 2534 campos
874 2444 956 2513 acies
974 2465 1139 2514 numerosa
1159 2445 1290 2525 terebat,

503 2568 587 2637 Eoos
604 2568 723 2659 liquide
741 2589 820 2660 quos
838 2571 962 2660 agmine
980 2569 1090 2639 lambit
1108 2569 1284 2662 Hydaspes:

502 2691 617 2762 Laetus
635 2693 698 2783 agit
717 2702 837 2763 turmas
855 2694 951 2764 laevis
969 2693 1032 2763 dur
1050 2693 1161 2764 frontis
1179 2679 1309 2772 honere,
1346 2675 1347 2678 ¹

503 2816 665 2886 Florentes
684 2817 827 2907 quatiens
846 2818 877 2886 in
896 2817 1007 2886 martia
1026 2818 1155 2887 vulnera
1174 2818 1314 2908 thyrsos:

503 2940 589 3010 lllins
607 2940 731 3010 lundata
750 2961 843 3010 mann
862 2941 945 3032 Nysa
964 2941 1097 3011 eminet:
1118 2943 1218 3012 amnis
1279 2981 1298 3033 .‘

502 3063 607 3134 Velvit
624 3085 720 3155 aquas
739 3066 840 3134 vitree
858 3065 1005 3135 salientes
1025 3067 1163 3155 gurgite:
1184 3065 1323 3135 Bacchus

502 3188 606 3278 Spirat
624 3188 654 3258 in
674 3187 795 3278 effigie;
815 3188 940 3259 Semele
957 3188 983 3258 si
1003 3175 1104 3258 mater
1122 3189 1253 3269 adesset,

501 3311 628 3382 Diceret
648 3314 698 3383 illa
717 3315 845 3403 quidem
864 3313 922 3382 sub
942 3314 1077 3404 imagine
1096 3315 1202 3384 virere
1220 3307 1339 3384 natum.

966 3673 1025 3736 Llll

501 3935 623 4006 Exinde
636 3935 801 4024 Assyrium
819 3953 895 4024 gens
913 3935 1148 4005 innumerabilis
1167 3947 1252 4016 aestu

499 4061 624 4142 Uritur,
644 4069 676 4129 et
693 4068 795 4128 tntum
812 4058 909 4128 labris
928 4059 1102 4129 sitientibus
1120 4081 1245 4130 amnem

499 4185 665 4255 Exhaurit:
686 4183 802 4274 premit
820 4183 955 4273 imperio
975 4185 1037 4254 dux
1056 4185 1200 4266 luemina,
1217 4186 1307 4276 juxta

498 4311 540 4380 Et
557 4309 696 4401 pulchra,
717 4319 747 4379 et
766 4309 889 4388 lasciva,
911 4317 1085 4400 aequatque
1104 4311 1228 4381 lieentia
1247 4313 1389 4381 lermnm.

499 4433 620 4504 Allixus
638 4433 738 4513 lateri,
760 4434 813 4522 qui
833 4452 959 4523 semper
977 4431 1157 4525 adjungitur
1175 4435 1246 4526 ipsi,

498 4559 568 4627 Stat
585 4557 720 4646 sonipes,
740 4557 944 4648 llammasque
963 4557 1049 4626 leren
1069 4569 1189 4628 eructat
1208 4560 1338 4628 ameris:

499 4681 578 4750 llnic
596 4691 716 4750 certare
735 4688 828 4769 queat
840 4679 974 4750 l'eneris
993 4684 1163 4751 certamine
1183 4693 1281 4761 natus,

498 4805 581 4875 lllius
600 4813 661 4872 tam
681 4805 783 4892 turpis
801 4806 903 4872 amer!
925 4815 986 4874 tam
1006 4807 1074 4875 dira
1094 4806 1204 4877 tinient
1294 4847 1296 4850 -
