3406 5378
936 465 1092 514 LUSiADAE

982 724 1043 786 cxl

514 989 632 1060 Tantae
650 987 743 1058 molis
760 995 828 1058 erat
846 989 915 1058 visu
933 986 1076 1059 mirabile
1095 986 1228 1078 iignum,

516 1111 644 1184 Viribus
661 1121 698 1183 ut
716 1112 821 1194 nutiiS,
842 1111 927 1182 nulli
946 1121 1040 1204 queat
1059 1121 1127 1184 arte
1147 1113 1284 1192 moveri;

514 1235 651 1308 Nuntius
669 1243 700 1307 at
718 1235 834 1308 Christi
853 1237 957 1306 nisum
976 1255 1191 1327 magnumque
1208 1235 1351 1306 laborem

515 1360 647 1430 insumit
664 1360 799 1442 nullum,
820 1360 946 1432 coelesti
965 1360 1102 1432 Numine
1120 1360 1229 1432 fretus.

515 1485 602 1577 Ergo
619 1486 695 1556 iuna
713 1484 800 1575 ligat,
821 1505 884 1576 quo
904 1485 1052 1578 cingitur,
1073 1495 1105 1557 et
1124 1483 1219 1555 trahit
1237 1481 1329 1554 undis

515 1611 671 1701 Ereptum
688 1609 811 1701 rapide,
831 1611 983 1702 ponitque
1001 1611 1033 1680 in
1052 1609 1158 1680 littore
1177 1609 1309 1700 tignum,

515 1735 560 1808 Ut
578 1737 618 1806 sit
635 1736 784 1807 materies
802 1755 890 1808 sacro
908 1735 1077 1806 lectissima
1095 1732 1223 1827 templo,

515 1858 612 1932 Aetas
630 1861 714 1953 quod
733 1880 863 1952 presens
880 1860 996 1942 laudet,
1015 1858 1186 1950 laudetque
1203 1857 1320 1928 iutura.

977 2217 1050 2282 exn

515 2483 623 2564 Norat,
646 2481 673 2551 si
693 2482 783 2553 rivae
801 2481 890 2552 Fidei
908 2483 1026 2552 virtute
1041 2481 1180 2572 juberet,

515 2606 670 2678 saxosum
687 2614 829 2677 montem
847 2609 959 2696 quassa
977 2604 1081 2676 radice
1099 2604 1233 2685 moueri,

483 2765 495 2784 ι
515 2732 687 2822 Praecepto
705 2739 845 2801 montem
863 2729 1000 2800 docilem
1018 2730 1149 2822 verique
1167 2728 1328 2800 futurum:

516 2857 551 2928 ld
569 2856 675 2927 docuit
693 2855 850 2936 Christus,
870 2855 1006 2926 Thomas
1024 2873 1200 2946 rerumque
1218 2855 1375 2946 probarit.

516 2982 583 3053 Hoc
602 2983 724 3053 anirnos
742 2983 838 3073 agitat
856 2979 957 3072 piebis
975 2957 1119 3052 mirabile
1137 2979 1264 3061 iactum,

516 3106 683 3197 Obstupet‚
703 3114 734 3177 et
753 3105 840 3176 rabie
858 3105 933 3176 livet
951 3103 1156 3178 Brahrnanica
1174 3113 1270 3187 secta3

515 3231 655 3302 'thomae
672 3205 748 3302 dum
767 3240 886 3322 spectat
904 3230 1010 3322 magni
1028 3231 1191 3311 miracula,
1210 3248 1327 3309 mores,

516 3354 668 3439 Iniremit,
688 3364 719 3427 et
737 3356 850 3426 metuit
866 3355 984 3426 veteris
1001 3353 1162 3445 dispendia
1182 3354 1291 3424 ianuae.

970 3715 1056 3780 exin

517 3981 558 4051 Hi
577 4000 670 4052 caeco
688 3979 720 4049 in
738 3981 856 4070 populo
873 3999 977 4050 sacras
995 3987 1165 4069 operantur
1183 3978 1222 4048 ad
1240 3997 1320 4060 aras,

516 4103 710 4196 litorumque
728 4105 829 4196 magis
847 4103 1015 4193 torquebat
1028 4110 1156 4194 pectora
1174 4100 1264 4172 livor.

516 4228 601 4300 Mille
618 4228 729 4299 modos
747 4236 915 4320 quaenunt,
935 4226 1083 4298 adhibent
1100 4235 1247 4317 artesque
1265 4225 1428 4317 dolosque,

516 4353 562 4425 Ut
579 4373 689 4424 rocem
708 4353 842 4444 eripiant
859 4351 1010 4434 Thornae,
1032 4350 1082 4422 vel
1100 4351 1231 4421 uulnere
1248 4349 1377 4422 caedem

516 4478 682 4550 intentent.
702 4478 862 4569 Princeps,
883 4479 933 4548 cui
952 4477 1004 4546 iila
1023 4495 1041 4547 e
1059 4483 1188 4566 pectore
1206 4477 1354 4568 pendent,

516 4603 654 4693 Suscipit
672 4601 865 4673 horrendum
881 4601 1011 4684 facinus,
1031 4621 1093 4693 quo
1110 4610 1241 4692 possunt
1257 4619 1388 4672 noscere
1405 4610 1513 4692 gentes

518 4727 569 4797 Nil
588 4727 689 4818 magis
708 4726 855 4796 infestum
875 4726 983 4797 virtuti
1003 4728 1138 4798 existere
1156 4745 1259 4806 verae,

517 4851 619 4936 Qudrn
640 4850 759 4932 falsam,
780 4859 834 4919 aut
851 4850 955 4940 potius
973 4852 1109 4941 speciem
1128 4851 1254 4920 virtutis
1271 4849 1406 4920 inanern.
