3440 5392
906 419 1059 466 neomuto

941 677 1026 739 Llllll

489 937 647 1029 Adjieiens
663 947 770 1029 optare
788 958 864 1008 suae
882 949 1082 1008 monumenta
1102 939 1219 1020 videre,

489 1064 523 1133 Si
543 1085 603 1154 qua
621 1064 731 1144 lerant,
751 1064 834 1144 fidei,
855 1073 886 1134 et
903 1066 1019 1134 veteris
1037 1073 1202 1156 praesepta
1222 1065 1387 1148 Tonantis;

489 1187 534 1259 Ut
551 1190 627 1258 solat
645 1209 682 1258 an
701 1197 792 1259 notae
810 1189 994 1260 blabometis
1012 1209 1151 1280 oongrua
1168 1199 1283 1271 sectae,

488 1309 539 1382 An
557 1313 667 1402 magis,
688 1321 724 1382 nt
742 1312 852 1394 eredit,
873 1314 995 1383 veniant
1012 1313 1178 1384 eoncordia
1195 1312 1331 1384 Christo.

488 1434 530 1505 m
548 1457 586 1506 ne
606 1437 681 1527 quid
699 1437 802 1518 lateat,
822 1445 908 1508 certo
926 1447 958 1508 et
976 1446 1061 1508 notet
1079 1439 1183 1507 omnia
1200 1439 1282 1520 visu,

488 1559 617 1632 Aooedit
635 1563 767 1654 cupidus
785 1563 972 1654 lustratque,
991 1563 1167 1653 ducemque
1186 1564 1303 1654 fatigat,

488 1687 528 1756 Et
547 1695 635 1776 roget
653 1695 689 1757 ut
706 1696 877 1782 monstret,¹
889 1708 969 1778 quae
987 1688 1078 1758 lortia
1096 1689 1231 1758 concitat
1249 1708 1334 1758 arma

460 1797 467 1822 ⁸
488 1811 601 1892 Lusus,
621 1811 653 1880 in
671 1811 803 1882 audaces
821 1832 894 1882 eum
913 1812 1050 1882 fervidus
1067 1812 1160 1882 irruit
1178 1813 1294 1882 hostes.

937 2170 1026 2232 LXIV

486 2437 559 2506 Dus
577 2435 674 2526 igitur
691 2435 779 2504 lortis
798 2433 930 2504 laeundo
948 2435 1118 2524 interprete
1137 2432 1260 2524 linguae

485 2559 638 2642 lnsolitae,
660 2557 749 2649 eujus
767 2558 934 2650 respondet
952 2557 991 2628 ab
1010 2577 1076 2640 ore,
1098 2559 1219 2649 roganti

485 2683 538 2753 Sio
557 2686 614 2754 ait:
635 2684 764 2753 illustris
784 2684 916 2754 releram
934 2682 990 2752 tibi
1009 2682 1131 2772 singula
1149 2681 1274 2762 ducier,

484 2807 535 2878 lle
554 2829 659 2899 snper,
678 2816 711 2878 et
728 2809 833 2888 saeris,
853 2816 884 2878 et
902 2807 972 2898 lege
990 2815 1021 2877 et
1039 2806 1172 2877 fortibus
1184 2806 1295 2876 armis.

484 2933 555 3003 Non
574 2953 633 3023 ego
650 2933 698 3002 vel
716 2935 827 3023 patria,
846 2933 948 3022 patrio
966 2931 1017 3001 uel
1035 2930 1198 3021 sanguine,
1220 2929 1322 3000 'lurra

485 3058 556 3127 lluo
573 3059 675 3138 venio,
695 3079 752 3128 neo
770 3079 822 3128 me
840 3058 939 3127 invisa
957 3055 997 3126 de
1016 3066 1107 3146 gente
1125 3056 1257 3127 latebor.

484 3182 535 3253 Me
552 3181 653 3252 bellax
670 3182 797 3273 Europa
816 3181 887 3251 tulit
906 3200 985 3271 quae
1004 3180 1093 3248 lortia
1112 3181 1212 3270 gignit

485 3306 626 3388 Pectora,
645 3315 676 3377 et
695 3308 818 3396 inquim
836 3305 977 3375 celebres
994 3304 1043 3374 bis
1061 3304 1193 3374 navibus
1211 3303 1313 3374 ludos.

821 3727 824 3732 .
942 3663 1018 3725 LXV

483 3929 569 4000 lllius
586 3929 717 4000 observo
735 3931 849 3999 summi
868 3939 1035 4022 praesepta
1053 3930 1200 4001 Tonantis

482 4055 545 4138 Qui
563 4055 643 4145 regit
660 4056 794 4144 imperio
812 4075 1030 4146 quaecumque
1047 4063 1078 4124 et
1097 4074 1229 4144 eorpore
1247 4062 1396 4135 constant,

482 4179 523 4248 Et
543 4199 623 4268 quae
639 4179 724 4250 mole
743 4189 865 4261 oarent;
885 4180 1001 4251 Terrae
1021 4181 1074 4270 qui
1093 4179 1231 4250 condidit
1249 4179 1380 4260 Orbem,

483 4304 634 4404 Quaeque
651 4305 757 4394 vigent
776 4305 896 4383 animis,
916 4313 1079 4394 torpentre
1099 4306 1238 4394 expertia
1256 4323 1384 4384 sensus;

482 4427 543 4512 Qui
563 4427 634 4497 tulit
652 4428 843 4518 infamesque
861 4436 950 4499 notas
968 4437 1000 4499 et
1019 4429 1148 4498 vulnere
1167 4429 1278 4510 lamae,

482 4552 636 4642 injustum
652 4554 774 4644 patiens
792 4562 824 4624 et
842 4573 904 4624 non
923 4553 1085 4624 tolerabile
1103 4554 1238 4636 bellnm;

428 4749 434 4760 ,
481 4677 543 4761 Qui
562 4676 686 4748 tandem
705 4698 723 4746 e
742 4678 866 4767 Supero
883 4679 969 4748 venit
986 4677 1143 4748 demissus
1161 4677 1305 4768 Olympo.

482 4803 628 4872 Mortales
648 4803 678 4872 in
698 4805 778 4874 oelsa
798 4805 868 4892 ptius
887 4825 949 4892 quo
969 4803 1100 4874 (irrueret
1121 4813 1212 4873 astra.
