3394 5372
586 499 675 546 tatbtltt
694 499 812 546 sextas

680 755 717 818 u
803 733 806 742 ‘

201 1017 333 1107 Jamque
352 1036 408 1108 per
427 1017 510 1088 Eoos
527 1017 697 1088 tendebant
716 1020 808 1089 lintea
827 1019 954 1100 ductus,

200 1141 307 1211 lndiea
325 1161 358 1212 se
377 1141 512 1213 tundunt
531 1146 592 1234 qud
612 1163 786 1226 marmora3
803 1143 933 1235 Jamque
951 1144 1102 1216 rubentes

200 1265 363 1336 Nascentis
380 1265 497 1337 Phoebi
516 1267 671 1338 thalamos
689 1267 817 1338 Oriente
837 1269 993 1352 videbant,

200 1388 270 1459 Jam
288 1409 388 1480 paene
407 1391 528 1481 appulsi
548 1400 652 1481 portu,
672 1401 808 1482 votoque
826 1393 931 1483 potiti:

201 1513 342 1584 banchus
360 1522 391 1584 at
409 1514 572 1604 indignans
589 1515 704 1595 animo,
725 1517 810 1607 qubd
829 1515 931 1586 sidera
950 1517 1035 1608 genti

201 1639 300 1708 Prona
318 1637 422 1709 tarent
439 1638 545 1730 lysiae,
565 1650 696 1710 eventus
713 1641 763 1709 eni
782 1640 842 1712 iata
861 1640 1014 1712 secundas

92 1767 94 1772 '
200 1761 396 1833 Portendunt
413 1762 525 1854 dignas
542 1764 673 1845 meritis
693 1772 725 1834 et
743 1766 881 1854 praemia
900 1765 1013 1846 laudis,
1145 1751 1148 1760 ’

200 1887 334 1978 lgneseit
351 1887 451 1969 iuriis
470 1909 642 1978 amensque
661 1897 822 1959 exaestuat
840 1890 897 1960 ira.
1007 1885 1010 1894 '

671 2247 720 2310 vit

200 2511 354 2582 Conserdi
372 2531 505 2601 superos
523 2509 692 2581 decernere
710 2521 816 2580 mente
836 2510 971 2590 videbat,

200 2636 245 2708 Ut
262 2656 319 2727 par
337 2656 485 2708 romanae
503 2655 619 2706 nomen
638 2636 717 2707 ieret
735 2635 824 2705 urbis
842 2635 964 2726 Ulyssi:

199 2761 256 2831 Est
273 2761 398 2831 obstare
415 2761 515 2843 neias;
535 2761 681 2851 probibet
699 2780 771 2830 nam
790 2780 913 2830 summa
931 2768 1067 2849 potestas
1097 2839 1100 2848 ,

199 2885 313 2955 Mutari
331 2905 412 2975 quae
431 2884 491 2954 sata
508 2885 629 2966 volunt,
649 2886 739 2976 queis
756 2884 857 2954 sidera
874 2893 996 2975 parent.

198 3011 285 3102 Ergo
303 3010 411 3082 furens
430 3011 552 3092 animis,
572 3012 654 3082 celse
673 3010 835 3080 descendit
853 3010 998 3100 Olympo,

198 3136 232 3206 in
252 3145 380 3217 terram,
401 3137 426 3206 si
446 3137 526 3208 sorte
544 3137 624 3206 viam
643 3139 703 3228 qua
722 3135 782 3206 iata
801 3135 915 3206 refutet

198 3261 347 3341 Inveniat,
367 3281 537 3351 quaerens;
557 3281 632 3331 mex
650 3260 752 3352 glauci
770 3262 907 3331 numinis
924 3262 1028 3330 aulam

198 3385 387 3476 ingreditur,
407 3386 457 3455 cui
476 3405 545 3455 sors
562 3385 768 3488 pelagidedit
786 3405 854 3455 esse
872 3393 1043 3475 potentem.

664 3743 725 3808 Vni

198 4012 266 4095 Qua
283 4011 384 4100 magis
401 4011 432 4078 in
452 4008 585 4079 latebras
603 4011 687 4098 penti
707 4019 826 4079 serrata
844 4007 998 4078 recedunt

196 4133 294 4224 Nigra
312 4152 531 4216 caramerum,
551 4142 583 4202 et
601 4153 670 4203 sese
687 4152 774 4202 mare
793 4133 824 4202 in
844 4131 906 4200 ima
924 4131 1076 4211 recondit,

196 4258 290 4330 Unde
307 4257 496 4349 procellosas
513 4257 616 4348 pelagi
635 4257 724 4328 turm
742 4257 856 4328 excitat
873 4254 985 4337 undas

195 4383 371 4489 Nemorum
388 4382 517 4453 tumidis
535 4383 656 4453 rabiem
676 4402 774 4472 quum
793 4380 940 4450 fluetibus
957 4390 1082 4471 aequat,

195 4507 332 4598 Neptuni
350 4506 464 4577 demus
482 4515 540 4586 est,
561 4507 780 4598 Nympharum
798 4505 1000 4576 accommoda
1018 4505 1108 4574 sedes

195 4629 387 4702 Nereidum:
408 4631 460 4702 hic
477 4629 632 4710 habitant,
653 4639 685 4701 et
702 4639 826 4700 caetera
843 4629 971 4700 numina
989 4630 1095 4719 ponti;

195 4755 342 4828 Urbibus
358 4757 410 4826 bic
429 4757 546 4826 etenim
564 4757 680 4826 duetus
698 4756 795 4846 spatia
815 4737 918 4845 ampla
936 4754 1117 4846 relinquunt

195 4880 332 4951 Numina
352 4881 441 4970 queis
460 4881 561 4950 siccos
581 4888 703 4950 teneant
722 4881 819 4950 maris
838 4879 900 4949 uda
918 4888 1056 4969 penates.
