3394 5372
922 473 1076 521 cosmum:

921 731 1077 794 lllllllllll

500 998 552 1067 llla
568 996 659 1087 jubet
677 997 772 1066 sertis
790 1004 825 1065 ut
845 996 1100 1076 versicoloribus,
1122 1015 1234 1066 aurum

499 1121 637 1202 Ductile‚
658 1122 804 1192 certatim
822 1122 1038 1212 plectantque,
1060 1130 1269 1211 premantque
1290 1139 1465 1200 comarum;

498 1245 576 1330 Quis
594 1255 688 1336 neget
707 1245 739 1313 in
759 1245 861 1315 varios
880 1249 993 1315 aurum
1012 1263 1224 1336 prorumpere
1244 1243 1338 1314 llores

497 1370 656 1448 Natiurm,
677 1369 761 1459 qood
781 1369 877 1439 nectit
897 1389 992 1459 agens
1012 1369 1042 1438 in
1062 1369 1114 1438 tila
1132 1367 1277 1459 Cupido?

497 1493 648 1564 Emollire
669 1494 772 1564 lerum
791 1493 934 1563 decernit
954 1493 1114 1564 amoribus
1133 1513 1246 1582 agmen

498 1617 685 1696 Ventorum,
707 1616 891 1707 gelidosque
910 1617 1032 1689 animos
1051 1617 1221 1687 incendere
1239 1617 1386 1696 dammis,

499 1741 660 1832 Objiciens
677 1714 789 1824 oculis
810 1742 1024 1833 pulcherrima
1044 1744 1184 1824 munina,
1204 1741 1374 1834 Nymphas,

499 1865 653 1936 Caerulea
673 1869 801 1938 vincunt
819 1887 902 1957 quae
922 1868 1067 1938 llammea
1085 1867 1190 1938 sidera
1209 1867 1319 1936 lormt.

910 2224 1080 2288 cxxxvltl

501 2488 567 2559 Nec
579 2487 713 2558 Veneris
731 2507 822 2558 mens
838 2509 918 2558 vana
937 2489 1013 2557 luit:
1035 2508 1107 2558 nam
1126 2507 1257 2558 cernere
1276 2488 1444 2579 pulchrum
1568 2487 1570 2492 ’

499 2612 624 2705 dgmen
641 2612 697 2684 ubi
715 2613 814 2693 licuit,
835 2613 972 2684 tumidos
990 2632 1125 2704 posuere
1145 2613 1278 2693 furores,

500 2741 542 2810 Et
559 2739 703 2811 cecidere
722 2740 837 2819 ruinae,
857 2740 941 2810 soliti
960 2739 1075 2830 quibus
1094 2759 1180 2808 arma
1199 2739 1297 2810 ciere:

501 2865 669 2955 Captivum
688 2865 764 2934 dant
782 2885 871 2935 more
890 2884 1012 2943 manus,
1033 2873 1065 2934 et
1080 2865 1167 2953 jussa
1184 2874 1362 2954 capessunt.

501 2990 589 3059 Tunc
607 2991 752 3062 manibus
771 2990 969 3080 pedibusque
988 2990 1114 3059 illorum
1133 2989 1235 3059 vincla
1253 2990 1356 3081 capilli

501 3114 718 3204 Nympharum
735 3115 796 3185 visi
814 3123 888 3185 sunt
907 3113 1051 3204 iniecisse
1069 3113 1219 3184 nitentes:

501 3237 582 3307 Tum
599 3238 745 3320 Boream,
766 3239 857 3329 cuius
876 3238 959 3310 dulci
978 3237 1163 3328 indulgebat
1181 3239 1292 3316 amori,

502 3362 682 3453 Alloquitur
700 3362 800 3434 torma
819 3384 900 3452 quae
918 3363 1045 3452 dignior
1063 3362 1207 3453 Orytlria.

927 3720 1072 3783 cxxxix

501 3981 546 4053 Ne
565 3981 685 4062 credas,
705 3981 832 4061 Boreas,
852 4001 904 4054 mo
922 3982 1051 4053 stultam
1070 3981 1213 4063 credere,
1234 4003 1337 4063 saeve,

500 4107 669 4178 Sincenrm
687 4127 757 4178 esse
777 4106 867 4176 illum
885 4125 983 4196 quam
1001 4109 1044 4178 mi
1063 4106 1223 4198 pmfitaris
1240 4127 1395 4180 amorem:

499 4223 637 4305 Blandus
655 4254 745 4304 amor
762 4253 919 4323 nusquam
936 4233 1056 4323 patitur
1074 4232 1245 4304 durescere
1263 4233 1370 4314 corda,

499 4360 565 4430 Nec
583 4359 665 4429 bene
682 4358 875 4430 conveniunt
893 4357 997 4429 rabies
1016 4366 1047 4427 et
1066 4358 1202 4447 pectoris
1222 4351 1322 4448 ignes,

499 4485 538 4554 Ni
556 4485 648 4575 ponis
666 4493 830 4574 metasque
848 4483 953 4562 minis,
974 4491 1006 4551 et
1025 4483 1110 4552 lrena
1130 4483 1241 4566 furori,

498 4609 613 4678 Desine
632 4627 747 4698 meque
766 4608 829 4677 tuis
847 4627 975 4698 sperare
994 4607 1160 4678 ardescere
1181 4608 1327 4688 tlammis,

498 4732 734 4823 Blanditiasque
752 4743 822 4804 tuas
837 4733 903 4823 jam
921 4734 1012 4803 mitte
1031 4744 1062 4804 et
1081 4734 1171 4804 mitte
1190 4733 1345 4825 querelas,

498 4856 642 4926 Vertitur
662 4859 693 4926 in
712 4857 853 4946 gelidum
872 4867 979 4930 tecum
997 4879 1066 4929 mea
1085 4859 1210 4930 llamma
1229 4859 1389 4930 timorem.
