3384 5370
564 452 655 498 runnu
674 451 834 499 sncrnuus

631 710 767 770 txxvtll

204 971 296 1040 llittit
315 979 478 1060 praetcrea
497 971 597 1060 patrio
619 991 765 1042 sermone
784 974 951 1042 disertum.

202 1096 260 1179 Qui
281 1117 354 1165 curn
376 1115 448 1185 rege
470 1097 542 1184 liget
561 1097 707 1166 concordi
727 1096 854 1167 loedere
874 1119 993 1188 pacem.

202 1219 402 1309 Ercrrsetque
421 1222 508 1290 adon.
530 1223 616 1309 quod
636 1241 707 1288 non.
723 1221 855 1290 statione
878 1223 985 1291 relicta

201 1339 320 1423 Nauali.
341 1343 481 1414 ululatum
501 1354 648 1434 properet
667 1346 852 1434 contingere
870 1355 1010 1436 portum.

201 1467 329 1538 Talibus
350 1470 520 1542 instructus
539 1469 665 1538 monilis
685 1469 805 1559 legatus
825 1473 864 1538 ad
882 1471 996 1541 urbem

201 1590 308 1682 Carpit
323 1593 398 1661 iter:
420 1593 551 1662 vernens
570 1595 610 1662 ad
630 1594 745 1662 celsam
763 1594 916 1684 principis
935 1595 1038 1665 aulam

201 1716 348 1808 Impiger,
368 1716 503 1806 eloquio,
523 1719 608 1807 quod
629 1720 657 1787 ei
677 1718 816 1788 Tritonia
835 1720 925 1809 virgo

200 1839 342 1929 lnspirat.
364 1840 415 1908 lali
435 1861 543 1928 rogem
563 1862 707 1912 sermone
727 1843 854 1912 salutat:

641 2201 756 2262 LXXlX

200 2463 264 2532 llos
284 2485 442 2554 supreme,
463 2467 551 2534 dedit
569 2465 658 2534 nitidi
678 2468 729 2534 cui
748 2467 864 2536 Rector
878 2465 1012 2556 Olympi,

198 2587 283 2656 luris
302 2609 419 2657 amans.
439 2597 565 2678 gentem
587 2589 719 2680 imperio
738 2589 859 2658 lrenare
878 2590 1059 2679 superbam,

200 2712 395 2804 lugenioque
415 2721 549 2789 trucem,
569 2733 664 2802 quarn
685 2722 719 2782 tu
737 2733 838 2804 mage,
857 2712 1003 2794 blandus
1023 2735 1141 2794 amore,

201 2838 302 2921 Quam
321 2838 421 2907 lloctis
439 2846 562 2907 terrore
581 2839 703 2920 minax;
724 2860 780 2908 nos
798 2841 944 2929 aequoris
963 2839 1062 2908 undas

201 2962 364 3031 Su'lcantes
385 2962 530 3042 tumidas,
547 2963 643 3052 longo
661 2973 732 3054 post
751 2974 904 3054 ternpore,
926 2974 990 3033 tuta

198 3085 317 3156 Littora
337 3095 534 3176 quaerentes,
554 3087 642 3158 Deus
661 3088 711 3158 his
728 3109 811 3159 nunc
830 3089 949 3180 appulit
967 3089 1049 3159 oris:

198 3209 384 3300 Perfugium
402 3210 461 3281 hoc
481 3212 577 3302 igitur
596 3214 714 3282 nostris
732 3213 771 3282 da
790 3212 924 3282 naribus
943 3213 1010 3282 istis

197 3335 304 3406 Portu.
325 3337 379 3426 qui
399 3338 518 3406 cunctis
538 3339 645 3424 regnis
664 3338 842 3408 celebratur
861 3339 949 3408 Eois.

639 3697 743 3788 unns

197 3959 266 4030 Non
286 3980 354 4040 nos,
374 3961 568 4048 praedonum
586 3961 714 4032 similes,
736 3961 993 4051 comprendimus
1012 3961 1109 4031 urbes

197 4082 350 4162 locamus,
370 4103 546 4174 vacuasque
565 4093 653 4153 metu
673 4085 871 4174 populamuS,
891 4093 922 4154 et
941 4083 1035 4154 aedes

198 4209 256 4277 Vel
275 4208 341 4278 lace
360 4209 410 4277 vel
430 4208 515 4279 lerro
534 4217 700 4290 vastamus,
721 4219 752 4280 et
770 4211 830 4304 alta
849 4208 1018 4279 domomm

196 4331 341 4402 Culmina
362 4331 535 4421 dejicimus,
555 4333 674 4402 ladrum
694 4333 836 4402 luramur
855 4341 886 4402 et
905 4354 1040 4402 aurum:

196 4456 260 4525 Nos
278 4456 402 4547 procul,
421 4458 570 4548 Europae
591 4457 706 4528 celebri
728 4459 867 4546 regione,
887 4479 945 4547 per
965 4459 1065 4526 undas

197 4571 358 4641 Venimus..
379 4580 410 4640 et
431 4581 498 4641 toto
518 4574 616 4642 divisa
637 4574 829 4663 inquirimus
846 4573 926 4643 orbe

195 4695 301 4766 ludica
321 4715 427 4787 regna,
448 4697 562 4786 opibus
581 4699 775 4788 gemmisque
796 4697 926 4766 resarta:
947 4701 1048 4788 coegit

197 4821 350 4890 llanimns
371 4821 515 4910 irnperio.
537 4823 649 4891 uirtute
669 4831 700 4892 et
719 4822 868 4910 sanguino
887 4823 1045 4912 Princeps.
