<?xml version="1.0" encoding="UTF-8"?>
<!DOCTYPE html PUBLIC "-//W3C//DTD XHTML 1.0 Transitional//EN"
    "http://www.w3.org/TR/xhtml1/DTD/xhtml1-transitional.dtd">
<html xmlns="http://www.w3.org/1999/xhtml" xml:lang="en" lang="en">
 <head>
  <title>
</title>
<meta http-equiv="Content-Type" content="text/html;charset=utf-8" />
  <meta name='ocr-system' content='tesseract 3.04.00' />
  <meta name='ocr-capabilities' content='ocr_page ocr_carea ocr_par ocr_line ocrx_word'/>
</head>
<body>
  <div class='ocr_page' id='page_1' title='image "./alusiadadeluizd00deslgoog_0436.png"; bbox 0 0 3406 5378; ppageno 0'>
   <div class='ocr_carea' id='block_1_1' title="bbox 593 522 831 570">
    <p class='ocr_par' dir='ltr' id='par_1_1' title="bbox 593 522 831 570">
     <span class='ocr_line' id='line_1_1' title="bbox 593 522 831 570; baseline 0 -2"><span class='ocrx_word' id='word_1_1' title='bbox 593 522 681 568; x_wconf 78' lang='lat' dir='ltr'>LIBER</span> <span class='ocrx_word' id='word_1_2' title='bbox 700 522 831 570; x_wconf 72' lang='lat' dir='ltr'>DECIMUS</span> 
     </span>
    </p>
   </div>
   <div class='ocr_carea' id='block_1_2' title="bbox 655 780 770 842">
    <p class='ocr_par' dir='ltr' id='par_1_2' title="bbox 655 780 770 842">
     <span class='ocr_line' id='line_1_2' title="bbox 655 780 770 842; baseline -0.009 0"><span class='ocrx_word' id='word_1_3' title='bbox 655 780 770 842; x_wconf 76' lang='lat' dir='ltr'><strong>cxxvi</strong></span> 
     </span>
    </p>
   </div>
   <div class='ocr_carea' id='block_1_3' title="bbox 214 1043 1104 2003">
    <p class='ocr_par' dir='ltr' id='par_1_3' title="bbox 215 1043 979 1133">
     <span class='ocr_line' id='line_1_3' title="bbox 215 1043 979 1133; baseline 0 -21"><span class='ocrx_word' id='word_1_4' title='bbox 215 1043 305 1112; x_wconf 86' lang='lat' dir='ltr'><strong>Nunc</strong></span> <span class='ocrx_word' id='word_1_5' title='bbox 323 1043 373 1112; x_wconf 90' lang='lat' dir='ltr'><strong>his</strong></span> <span class='ocrx_word' id='word_1_6' title='bbox 391 1043 555 1112; x_wconf 81' lang='lat' dir='ltr'><strong>immensis</strong></span> <span class='ocrx_word' id='word_1_7' title='bbox 574 1043 754 1132; x_wconf 84' lang='lat' dir='ltr'><strong>regionibus</strong></span> <span class='ocrx_word' id='word_1_8' title='bbox 773 1045 875 1133; x_wconf 84' lang='lat' dir='ltr'><strong>aspice</strong></span> <span class='ocrx_word' id='word_1_9' title='bbox 894 1043 979 1113; x_wconf 80' lang='lat' dir='ltr'><strong>mille</strong></span> 
     </span>
    </p>

    <p class='ocr_par' dir='ltr' id='par_1_4' title="bbox 214 1165 1098 1754">
     <span class='ocr_line' id='line_1_4' title="bbox 216 1165 1031 1257; baseline 0 -21"><span class='ocrx_word' id='word_1_10' title='bbox 216 1167 317 1250; x_wconf 81' lang='lat' dir='ltr'><strong>Quam</strong></span> <span class='ocrx_word' id='word_1_11' title='bbox 335 1167 421 1236; x_wconf 89' lang='lat' dir='ltr'><strong>varia</strong></span> <span class='ocrx_word' id='word_1_12' title='bbox 439 1167 561 1256; x_wconf 86' lang='lat' dir='ltr'><strong>ignotas</strong></span> <span class='ocrx_word' id='word_1_13' title='bbox 578 1165 742 1256; x_wconf 81' lang='lat' dir='ltr'><strong>designent</strong></span> <span class='ocrx_word' id='word_1_14' title='bbox 760 1167 885 1237; x_wconf 87' lang='lat' dir='ltr'><strong>nomina</strong></span> <span class='ocrx_word' id='word_1_15' title='bbox 904 1177 1031 1257; x_wconf 81' lang='lat' dir='ltr'>gentes:</span> 
     </span>
     <span class='ocr_line' id='line_1_5' title="bbox 217 1292 1039 1384; baseline 0.001 -23"><span class='ocrx_word' id='word_1_16' title='bbox 217 1292 275 1362; x_wconf 89' lang='lat' dir='ltr'><strong>Hic</strong></span> <span class='ocrx_word' id='word_1_17' title='bbox 292 1294 349 1362; x_wconf 91' lang='lat' dir='ltr'><strong>Lai</strong></span> <span class='ocrx_word' id='word_1_18' title='bbox 367 1292 497 1382; x_wconf 89' lang='lat' dir='ltr'><strong>degunt,</strong></span> <span class='ocrx_word' id='word_1_19' title='bbox 517 1295 623 1373; x_wconf 91' lang='lat' dir='ltr'><strong>terris,</strong></span> <span class='ocrx_word' id='word_1_20' title='bbox 643 1292 820 1383; x_wconf 84' lang='lat' dir='ltr'><strong>opibusque</strong></span> <span class='ocrx_word' id='word_1_21' title='bbox 838 1293 989 1384; x_wconf 80' lang='lat' dir='ltr'><strong>superbd3</strong></span> <span class='ocrx_word' id='word_1_22' title='bbox 1036 1341 1039 1352; x_wconf 82' lang='lat'><em>·</em></span> 
     </span>
     <span class='ocr_line' id='line_1_6' title="bbox 217 1397 1098 1508; baseline 0 -23"><span class='ocrx_word' id='word_1_23' title='bbox 217 1417 275 1486; x_wconf 87' lang='lat' dir='ltr'><strong>Hic</strong></span> <span class='ocrx_word' id='word_1_24' title='bbox 288 1416 387 1497; x_wconf 83' lang='lat' dir='ltr'><strong>Arae,</strong></span> <span class='ocrx_word' id='word_1_25' title='bbox 408 1425 438 1486; x_wconf 89' lang='lat' dir='ltr'><strong>et</strong></span> <span class='ocrx_word' id='word_1_26' title='bbox 457 1417 598 1498; x_wconf 88' lang='lat' dir='ltr'><strong>Brarnae,</strong></span> <span class='ocrx_word' id='word_1_27' title='bbox 619 1417 710 1486; x_wconf 83' lang='lat' dir='ltr'><strong>celsis</strong></span> <span class='ocrx_word' id='word_1_28' title='bbox 728 1418 782 1508; x_wconf 91' lang='lat' dir='ltr'><strong>qui</strong></span> <span class='ocrx_word' id='word_1_29' title='bbox 801 1397 961 1486; x_wconf 87' lang='lat' dir='ltr'><strong>montibus</strong></span> <span class='ocrx_word' id='word_1_30' title='bbox 980 1425 1098 1487; x_wconf 92' lang='lat' dir='ltr'><strong>errant.</strong></span> 
     </span>
     <span class='ocr_line' id='line_1_7' title="bbox 215 1539 1051 1610; baseline 0.001 -1"><span class='ocrx_word' id='word_1_31' title='bbox 215 1539 316 1610; x_wconf 80' lang='lat' dir='ltr'><strong>Cerne</strong></span> <span class='ocrx_word' id='word_1_32' title='bbox 335 1540 426 1610; x_wconf 89' lang='lat' dir='ltr'><strong>alius:</strong></span> <span class='ocrx_word' id='word_1_33' title='bbox 446 1541 552 1610; x_wconf 86' lang='lat' dir='ltr'><strong>Gneus</strong></span> <span class='ocrx_word' id='word_1_34' title='bbox 570 1551 746 1610; x_wconf 87' lang='lat' dir='ltr'><strong>memorant</strong></span> <span class='ocrx_word' id='word_1_35' title='bbox 762 1540 903 1610; x_wconf 86' lang='lat' dir='ltr'><strong>habitare</strong></span> <span class='ocrx_word' id='word_1_36' title='bbox 922 1541 1051 1610; x_wconf 88' lang='lat' dir='ltr'><strong>rernutis</strong></span> 
     </span>
     <span class='ocr_line' id='line_1_8' title="bbox 214 1663 991 1754; baseline -0.004 -21"><span class='ocrx_word' id='word_1_37' title='bbox 214 1663 354 1733; x_wconf 83' lang='lat' dir='ltr'><strong>Saltibus</strong></span> <span class='ocrx_word' id='word_1_38' title='bbox 371 1672 523 1753; x_wconf 89' lang='lat' dir='ltr'><strong>agrestes,</strong></span> <span class='ocrx_word' id='word_1_39' title='bbox 545 1674 577 1733; x_wconf 89' lang='lat' dir='ltr'><strong>et</strong></span> <span class='ocrx_word' id='word_1_40' title='bbox 595 1665 710 1754; x_wconf 81' lang='lat' dir='ltr'><strong>degere</strong></span> <span class='ocrx_word' id='word_1_41' title='bbox 729 1683 818 1734; x_wconf 85' lang='lat' dir='ltr'><strong>ruore</strong></span> <span class='ocrx_word' id='word_1_42' title='bbox 837 1663 991 1734; x_wconf 84' lang='lat' dir='ltr'><strong>serarum:</strong></span> 
     </span>
    </p>

    <p class='ocr_par' dir='ltr' id='par_1_5' title="bbox 215 1787 1104 2003">
     <span class='ocr_line' id='line_1_9' title="bbox 215 1787 1104 1878; baseline -0.001 -21"><span class='ocrx_word' id='word_1_43' title='bbox 215 1789 296 1857; x_wconf 89' lang='lat' dir='ltr'><strong>Dant</strong></span> <span class='ocrx_word' id='word_1_44' title='bbox 312 1788 433 1856; x_wconf 86' lang='lat' dir='ltr'><strong>rictum</strong></span> <span class='ocrx_word' id='word_1_45' title='bbox 452 1807 564 1858; x_wconf 87' lang='lat' dir='ltr'><strong>carnes</strong></span> <span class='ocrx_word' id='word_1_46' title='bbox 582 1787 749 1870; x_wconf 85' lang='lat' dir='ltr'><strong>humanaa;</strong></span> <span class='ocrx_word' id='word_1_47' title='bbox 773 1797 803 1856; x_wconf 89' lang='lat' dir='ltr'><strong>at</strong></span> <span class='ocrx_word' id='word_1_48' title='bbox 821 1808 952 1878; x_wconf 82' lang='lat' dir='ltr'><strong>corpora</strong></span> <span class='ocrx_word' id='word_1_49' title='bbox 970 1789 1104 1878; x_wconf 84' lang='lat' dir='ltr'><strong>pingunt</strong></span> 
     </span>
     <span class='ocr_line' id='line_1_10' title="bbox 216 1912 989 2003; baseline 0.003 -22"><span class='ocrx_word' id='word_1_50' title='bbox 216 1913 255 1981; x_wconf 93' lang='lat' dir='ltr'><strong>Hi</strong></span> <span class='ocrx_word' id='word_1_51' title='bbox 275 1932 332 1982; x_wconf 89' lang='lat' dir='ltr'><strong>sua</strong></span> <span class='ocrx_word' id='word_1_52' title='bbox 350 1912 492 1982; x_wconf 87' lang='lat' dir='ltr'><strong>candenti</strong></span> <span class='ocrx_word' id='word_1_53' title='bbox 512 1912 641 2002; x_wconf 90' lang='lat' dir='ltr'><strong>(quanta</strong></span> <span class='ocrx_word' id='word_1_54' title='bbox 659 1921 706 1981; x_wconf 90' lang='lat' dir='ltr'><strong>est</strong></span> <span class='ocrx_word' id='word_1_55' title='bbox 724 1912 878 2003; x_wconf 75' lang='lat' dir='ltr'><strong>insaniat)</strong></span> <span class='ocrx_word' id='word_1_56' title='bbox 896 1913 989 1983; x_wconf 79' lang='lat' dir='ltr'><strong>ferro.</strong></span> 
     </span>
    </p>
   </div>
   <div class='ocr_carea' id='block_1_4' title="bbox 643 2272 771 2336">
    <p class='ocr_par' dir='ltr' id='par_1_6' title="bbox 643 2272 771 2336">
     <span class='ocr_line' id='line_1_11' title="bbox 643 2272 771 2336; baseline 0 0"><span class='ocrx_word' id='word_1_57' title='bbox 643 2272 771 2336; x_wconf 84' lang='lat' dir='ltr'>CXXVH</span> 
     </span>
    </p>
   </div>
   <div class='ocr_carea' id='block_1_5' title="bbox 212 2534 1027 2627">
    <p class='ocr_par' dir='ltr' id='par_1_7' title="bbox 212 2534 1027 2627">
     <span class='ocr_line' id='line_1_12' title="bbox 212 2534 1027 2627; baseline 0.006 -21"><span class='ocrx_word' id='word_1_58' title='bbox 212 2535 335 2627; x_wconf 76' lang='lat' dir='ltr'><strong>Aspicis</strong></span> <span class='ocrx_word' id='word_1_59' title='bbox 354 2543 388 2605; x_wconf 91' lang='lat' dir='ltr'><strong>ut</strong></span> <span class='ocrx_word' id='word_1_60' title='bbox 406 2536 527 2606; x_wconf 78' lang='lat' dir='ltr'><strong>Meceni</strong></span> <span class='ocrx_word' id='word_1_61' title='bbox 547 2534 729 2626; x_wconf 82' lang='lat' dir='ltr'><strong>Camhojaru</strong></span> <span class='ocrx_word' id='word_1_62' title='bbox 746 2537 899 2606; x_wconf 86' lang='lat' dir='ltr'><strong>interfluit</strong></span> <span class='ocrx_word' id='word_1_63' title='bbox 916 2539 1027 2613; x_wconf 82' lang='lat' dir='ltr'><strong>annis,</strong></span> 
     </span>
    </p>
   </div>
   <div class='ocr_carea' id='block_1_6' title="bbox 209 2652 1104 3494">
    <p class='ocr_par' dir='ltr' id='par_1_8' title="bbox 209 2652 1104 3494">
     <span class='ocr_line' id='line_1_13' title="bbox 209 2652 1094 2752; baseline -0.001 -22"><span class='ocrx_word' id='word_1_64' title='bbox 209 2652 369 2750; x_wconf 82' lang='lat' dir='ltr'><strong>¹(Numinis</strong></span> <span class='ocrx_word' id='word_1_65' title='bbox 385 2660 438 2729; x_wconf 91' lang='lat' dir='ltr'><strong>hic</strong></span> <span class='ocrx_word' id='word_1_66' title='bbox 456 2681 566 2730; x_wconf 89' lang='lat' dir='ltr'><strong>sensus</strong></span> <span class='ocrx_word' id='word_1_67' title='bbox 584 2661 674 2730; x_wconf 84' lang='lat' dir='ltr'><strong>nubis</strong></span> <span class='ocrx_word' id='word_1_68' title='bbox 693 2670 756 2730; x_wconf 88' lang='lat' dir='ltr'><strong>est:</strong></span> <span class='ocrx_word' id='word_1_69' title='bbox 777 2660 889 2730; x_wconf 85' lang='lat' dir='ltr'><strong>ductor</strong></span> <span class='ocrx_word' id='word_1_70' title='bbox 906 2665 1094 2752; x_wconf 64' lang='lat' dir='ltr'><strong>nuncnunc)</strong></span> 
     </span>
     <span class='ocr_line' id='line_1_14' title="bbox 211 2780 1068 2876; baseline 0.001 -23"><span class='ocrx_word' id='word_1_71' title='bbox 211 2783 289 2854; x_wconf 79' lang='lat' dir='ltr'><strong>Tana</strong></span> <span class='ocrx_word' id='word_1_72' title='bbox 308 2802 451 2854; x_wconf 79' lang='lat' dir='ltr'><strong>crescens</strong></span> <span class='ocrx_word' id='word_1_73' title='bbox 470 2780 587 2853; x_wconf 80' lang='lat' dir='ltr'><strong>aestiiu</strong></span> <span class='ocrx_word' id='word_1_74' title='bbox 605 2786 744 2854; x_wconf 82' lang='lat' dir='ltr'><strong>externis</strong></span> <span class='ocrx_word' id='word_1_75' title='bbox 763 2793 904 2874; x_wconf 86' lang='lat' dir='ltr'><strong>ternpore</strong></span> <span class='ocrx_word' id='word_1_76' title='bbox 923 2785 1068 2876; x_wconf 84' lang='lat' dir='ltr'><strong>lymphis,</strong></span> 
     </span>
     <span class='ocr_line' id='line_1_15' title="bbox 211 2908 1048 2998; baseline -0.001 -20"><span class='ocrx_word' id='word_1_77' title='bbox 211 2908 341 2998; x_wconf 87' lang='lat' dir='ltr'><strong>Staguet</strong></span> <span class='ocrx_word' id='word_1_78' title='bbox 358 2917 395 2977; x_wconf 93' lang='lat' dir='ltr'><strong>ut</strong></span> <span class='ocrx_word' id='word_1_79' title='bbox 412 2909 443 2975; x_wconf 93' lang='lat' dir='ltr'><strong>in</strong></span> <span class='ocrx_word' id='word_1_80' title='bbox 463 2927 591 2998; x_wconf 86' lang='lat' dir='ltr'><strong>campus</strong></span> <span class='ocrx_word' id='word_1_81' title='bbox 609 2909 740 2988; x_wconf 80' lang='lat' dir='ltr'><strong>effusus,</strong></span> <span class='ocrx_word' id='word_1_82' title='bbox 761 2917 791 2976; x_wconf 91' lang='lat' dir='ltr'><strong>et</strong></span> <span class='ocrx_word' id='word_1_83' title='bbox 810 2908 924 2978; x_wconf 88' lang='lat' dir='ltr'><strong>obruat</strong></span> <span class='ocrx_word' id='word_1_84' title='bbox 940 2910 1048 2989; x_wconf 92' lang='lat' dir='ltr'><strong>undis,</strong></span> 
     </span>
     <span class='ocr_line' id='line_1_16' title="bbox 210 3032 1034 3122; baseline -0.001 -20"><span class='ocrx_word' id='word_1_85' title='bbox 210 3033 390 3122; x_wconf 80' lang='lat' dir='ltr'><strong>Erumpurs</strong></span> <span class='ocrx_word' id='word_1_86' title='bbox 407 3032 530 3101; x_wconf 90' lang='lat' dir='ltr'><strong>steriles</strong></span> <span class='ocrx_word' id='word_1_87' title='bbox 548 3053 606 3102; x_wconf 93' lang='lat' dir='ltr'><strong>ceu</strong></span> <span class='ocrx_word' id='word_1_88' title='bbox 623 3033 750 3122; x_wconf 89' lang='lat' dir='ltr'><strong>pinguis</strong></span> <span class='ocrx_word' id='word_1_89' title='bbox 767 3032 857 3102; x_wconf 90' lang='lat' dir='ltr'><strong>Nilus</strong></span> <span class='ocrx_word' id='word_1_90' title='bbox 876 3033 906 3101; x_wconf 93' lang='lat' dir='ltr'><strong>in</strong></span> <span class='ocrx_word' id='word_1_91' title='bbox 928 3053 1034 3122; x_wconf 88' lang='lat' dir='ltr'><strong>agros:</strong></span> 
     </span>
     <span class='ocr_line' id='line_1_17' title="bbox 210 3155 1104 3248; baseline 0.001 -23"><span class='ocrx_word' id='word_1_92' title='bbox 210 3155 378 3246; x_wconf 89' lang='lat' dir='ltr'><strong>Indigenae</strong></span> <span class='ocrx_word' id='word_1_93' title='bbox 396 3158 494 3248; x_wconf 92' lang='lat' dir='ltr'><strong>(tanta</strong></span> <span class='ocrx_word' id='word_1_94' title='bbox 513 3165 561 3225; x_wconf 89' lang='lat' dir='ltr'><strong>est</strong></span> <span class='ocrx_word' id='word_1_95' title='bbox 579 3156 742 3225; x_wconf 87' lang='lat' dir='ltr'><strong>huminum</strong></span> <span class='ocrx_word' id='word_1_96' title='bbox 761 3155 953 3248; x_wconf 83' lang='lat' dir='ltr'><strong>dementiat)</strong></span> <span class='ocrx_word' id='word_1_97' title='bbox 972 3157 1104 3226; x_wconf 91' lang='lat' dir='ltr'><strong>credunt</strong></span> 
     </span>
     <span class='ocr_line' id='line_1_18' title="bbox 210 3280 1079 3371; baseline 0.001 -22"><span class='ocrx_word' id='word_1_98' title='bbox 210 3280 353 3350; x_wconf 84' lang='lat' dir='ltr'><strong>Praemia</strong></span> <span class='ocrx_word' id='word_1_99' title='bbox 370 3300 428 3371; x_wconf 88' lang='lat' dir='ltr'><strong>pro</strong></span> <span class='ocrx_word' id='word_1_100' title='bbox 446 3281 578 3360; x_wconf 89' lang='lat' dir='ltr'><strong>meritis,</strong></span> <span class='ocrx_word' id='word_1_101' title='bbox 597 3301 777 3370; x_wconf 88' lang='lat' dir='ltr'><strong>poenasque</strong></span> <span class='ocrx_word' id='word_1_102' title='bbox 797 3281 939 3350; x_wconf 88' lang='lat' dir='ltr'><strong>anirnalia</strong></span> <span class='ocrx_word' id='word_1_103' title='bbox 958 3290 1079 3361; x_wconf 89' lang='lat' dir='ltr'><strong>cuncta,</strong></span> 
     </span>
     <span class='ocr_line' id='line_1_19' title="bbox 210 3404 977 3494; baseline 0.001 -21"><span class='ocrx_word' id='word_1_104' title='bbox 210 3404 354 3473; x_wconf 87' lang='lat' dir='ltr'><strong>Numinis</strong></span> <span class='ocrx_word' id='word_1_105' title='bbox 373 3425 412 3474; x_wconf 84' lang='lat' dir='ltr'><strong>ex</strong></span> <span class='ocrx_word' id='word_1_106' title='bbox 430 3413 521 3486; x_wconf 91' lang='lat' dir='ltr'><strong>nutu,</strong></span> <span class='ocrx_word' id='word_1_107' title='bbox 540 3413 611 3494; x_wconf 87' lang='lat' dir='ltr'><strong>pust</strong></span> <span class='ocrx_word' id='word_1_108' title='bbox 630 3404 740 3475; x_wconf 90' lang='lat' dir='ltr'><strong>ultima</strong></span> <span class='ocrx_word' id='word_1_109' title='bbox 758 3404 820 3474; x_wconf 84' lang='lat' dir='ltr'><strong>iata</strong></span> <span class='ocrx_word' id='word_1_110' title='bbox 838 3425 977 3476; x_wconf 87' lang='lat' dir='ltr'><strong>manere.</strong></span> 
     </span>
    </p>
   </div>
   <div class='ocr_carea' id='block_1_7' title="bbox 646 3763 785 3826">
    <p class='ocr_par' dir='ltr' id='par_1_9' title="bbox 646 3763 785 3826">
     <span class='ocr_line' id='line_1_20' title="bbox 646 3763 785 3826; baseline 0 0"><span class='ocrx_word' id='word_1_111' title='bbox 646 3763 785 3826; x_wconf 79' lang='lat' dir='ltr'>CXXVH!</span> 
     </span>
    </p>
   </div>
   <div class='ocr_carea' id='block_1_8' title="bbox 206 4028 1133 4988">
    <p class='ocr_par' dir='ltr' id='par_1_10' title="bbox 207 4028 1035 4363">
     <span class='ocr_line' id='line_1_21' title="bbox 209 4028 953 4119; baseline -0.008 -17"><span class='ocrx_word' id='word_1_112' title='bbox 209 4033 269 4102; x_wconf 92' lang='lat' dir='ltr'><strong>Hic</strong></span> <span class='ocrx_word' id='word_1_113' title='bbox 286 4031 361 4100; x_wconf 88' lang='lat' dir='ltr'><strong>niirn</strong></span> <span class='ocrx_word' id='word_1_114' title='bbox 380 4029 516 4119; x_wconf 79' lang='lat' dir='ltr'><strong>excipiet</strong></span> <span class='ocrx_word' id='word_1_115' title='bbox 534 4029 663 4118; x_wconf 83' lang='lat' dir='ltr'><strong>gremia,</strong></span> <span class='ocrx_word' id='word_1_116' title='bbox 683 4036 822 4119; x_wconf 90' lang='lat' dir='ltr'><strong>pacatus,</strong></span> <span class='ocrx_word' id='word_1_117' title='bbox 841 4028 953 4107; x_wconf 87' lang='lat' dir='ltr'><strong>amica,</strong></span> 
     </span>
     <span class='ocr_line' id='line_1_22' title="bbox 207 4149 1035 4244; baseline -0.008 -18"><span class='ocrx_word' id='word_1_118' title='bbox 207 4155 377 4244; x_wconf 80' lang='lat' dir='ltr'><strong>Naufragio</strong></span> <span class='ocrx_word' id='word_1_119' title='bbox 394 4171 540 4244; x_wconf 89' lang='lat' dir='ltr'><strong>pressum</strong></span> <span class='ocrx_word' id='word_1_120' title='bbox 559 4151 652 4232; x_wconf 89' lang='lat' dir='ltr'><strong>tristi,</strong></span> <span class='ocrx_word' id='word_1_121' title='bbox 671 4149 894 4240; x_wconf 88' lang='lat' dir='ltr'><strong>madidumque</strong></span> <span class='ocrx_word' id='word_1_122' title='bbox 912 4154 1035 4240; x_wconf 74' lang='lat' dir='ltr'><strong>poema,</strong></span> 
     </span>
     <span class='ocr_line' id='line_1_23' title="bbox 208 4274 1000 4363; baseline -0.008 -15"><span class='ocrx_word' id='word_1_123' title='bbox 208 4279 362 4349; x_wconf 79' lang='lat' dir='ltr'><strong>lactatum</strong></span> <span class='ocrx_word' id='word_1_124' title='bbox 380 4275 511 4356; x_wconf 87' lang='lat' dir='ltr'><strong>dudum,</strong></span> <span class='ocrx_word' id='word_1_125' title='bbox 531 4274 708 4345; x_wconf 76' lang='lat' dir='ltr'><strong>miseranda</strong></span> <span class='ocrx_word' id='word_1_126' title='bbox 725 4281 821 4356; x_wconf 87' lang='lat' dir='ltr'><strong>sorte,</strong></span> <span class='ocrx_word' id='word_1_127' title='bbox 840 4274 1000 4363; x_wconf 84' lang='lat' dir='ltr'><strong>procellis,</strong></span> 
     </span>
    </p>

    <p class='ocr_par' dir='ltr' id='par_1_11' title="bbox 206 4400 1133 4739">
     <span class='ocr_line' id='line_1_24' title="bbox 207 4400 1033 4492; baseline -0.004 -19"><span class='ocrx_word' id='word_1_128' title='bbox 207 4404 249 4473; x_wconf 88' lang='lat' dir='ltr'><strong>Et</strong></span> <span class='ocrx_word' id='word_1_129' title='bbox 266 4404 318 4472; x_wconf 85' lang='lat' dir='ltr'><strong>vix</strong></span> <span class='ocrx_word' id='word_1_130' title='bbox 336 4423 354 4473; x_wconf 92' lang='lat' dir='ltr'><strong>e</strong></span> <span class='ocrx_word' id='word_1_131' title='bbox 372 4401 510 4492; x_wconf 86' lang='lat' dir='ltr'><strong>scopulis</strong></span> <span class='ocrx_word' id='word_1_132' title='bbox 527 4409 678 4492; x_wconf 88' lang='lat' dir='ltr'><strong>aestuque</strong></span> <span class='ocrx_word' id='word_1_133' title='bbox 696 4400 832 4471; x_wconf 83' lang='lat' dir='ltr'><strong>undante</strong></span> <span class='ocrx_word' id='word_1_134' title='bbox 851 4408 1033 4489; x_wconf 81' lang='lat' dir='ltr'><strong>receptum3</strong></span> 
     </span>
     <span class='ocr_line' id='line_1_25' title="bbox 207 4523 1133 4615; baseline -0.004 -18"><span class='ocrx_word' id='word_1_135' title='bbox 207 4528 314 4610; x_wconf 90' lang='lat' dir='ltr'><strong>Quum</strong></span> <span class='ocrx_word' id='word_1_136' title='bbox 331 4525 428 4595; x_wconf 88' lang='lat' dir='ltr'><strong>maris</strong></span> <span class='ocrx_word' id='word_1_137' title='bbox 447 4533 541 4615; x_wconf 88' lang='lat' dir='ltr'><strong>atque</strong></span> <span class='ocrx_word' id='word_1_138' title='bbox 559 4523 648 4592; x_wconf 84' lang='lat' dir='ltr'><strong>famis</strong></span> <span class='ocrx_word' id='word_1_139' title='bbox 666 4523 785 4594; x_wconf 88' lang='lat' dir='ltr'><strong>crebris</strong></span> <span class='ocrx_word' id='word_1_140' title='bbox 803 4523 989 4613; x_wconf 83' lang='lat' dir='ltr'><strong>magnisque</strong></span> <span class='ocrx_word' id='word_1_141' title='bbox 1005 4524 1133 4614; x_wconf 86' lang='lat' dir='ltr'><strong>periclis</strong></span> 
     </span>
     <span class='ocr_line' id='line_1_26' title="bbox 206 4645 958 4739; baseline -0.003 -21"><span class='ocrx_word' id='word_1_142' title='bbox 206 4650 337 4730; x_wconf 83' lang='lat' dir='ltr'><strong>Vexata,</strong></span> <span class='ocrx_word' id='word_1_143' title='bbox 356 4649 490 4739; x_wconf 84' lang='lat' dir='ltr'><strong>injustae</strong></span> <span class='ocrx_word' id='word_1_144' title='bbox 510 4667 628 4738; x_wconf 86' lang='lat' dir='ltr'><strong>paenae</strong></span> <span class='ocrx_word' id='word_1_145' title='bbox 645 4654 829 4737; x_wconf 79' lang='lat' dir='ltr'><strong>repetentur</strong></span> <span class='ocrx_word' id='word_1_146' title='bbox 848 4645 886 4716; x_wconf 86' lang='lat' dir='ltr'><strong>ab</strong></span> <span class='ocrx_word' id='word_1_147' title='bbox 905 4647 958 4716; x_wconf 87' lang='lat' dir='ltr'><strong>iilo</strong></span> 
     </span>
    </p>

    <p class='ocr_par' dir='ltr' id='par_1_12' title="bbox 206 4770 1124 4988">
     <span class='ocr_line' id='line_1_27' title="bbox 206 4770 1016 4864; baseline -0.006 -21"><span class='ocrx_word' id='word_1_148' title='bbox 206 4774 306 4864; x_wconf 86' lang='lat' dir='ltr'><strong>Major</strong></span> <span class='ocrx_word' id='word_1_149' title='bbox 324 4772 385 4842; x_wconf 88' lang='lat' dir='ltr'><strong>erit</strong></span> <span class='ocrx_word' id='word_1_150' title='bbox 403 4773 454 4841; x_wconf 87' lang='lat' dir='ltr'><strong>cui</strong></span> <span class='ocrx_word' id='word_1_151' title='bbox 472 4771 554 4840; x_wconf 81' lang='lat' dir='ltr'><strong>fama</strong></span> <span class='ocrx_word' id='word_1_152' title='bbox 571 4770 666 4861; x_wconf 86' lang='lat' dir='ltr'><strong>lyrae,</strong></span> <span class='ocrx_word' id='word_1_153' title='bbox 686 4771 860 4860; x_wconf 87' lang='lat' dir='ltr'><strong>plectrique</strong></span> <span class='ocrx_word' id='word_1_154' title='bbox 879 4770 1016 4839; x_wconf 87' lang='lat' dir='ltr'><strong>sonantis</strong></span> 
     </span>
     <span class='ocr_line' id='line_1_28' title="bbox 208 4896 1124 4988; baseline -0.003 -20"><span class='ocrx_word' id='word_1_155' title='bbox 208 4899 324 4979; x_wconf 86' lang='lat' dir='ltr'><strong>Gloria,</strong></span> <span class='ocrx_word' id='word_1_156' title='bbox 346 4901 441 4988; x_wconf 86' lang='lat' dir='ltr'><strong>qu&#39;am</strong></span> <span class='ocrx_word' id='word_1_157' title='bbox 460 4915 592 4978; x_wconf 73' lang='lat' dir='ltr'><strong>merces</strong></span> <span class='ocrx_word' id='word_1_158' title='bbox 611 4897 707 4986; x_wconf 81' lang='lat' dir='ltr'><strong>qu&#39;am</strong></span> <span class='ocrx_word' id='word_1_159' title='bbox 725 4897 864 4986; x_wconf 84' lang='lat' dir='ltr'><strong>praemia</strong></span> <span class='ocrx_word' id='word_1_160' title='bbox 882 4896 975 4986; x_wconf 91' lang='lat' dir='ltr'><strong>digna</strong></span> <span class='ocrx_word' id='word_1_161' title='bbox 992 4897 1124 4966; x_wconf 88' lang='lat' dir='ltr'><strong>canenti.</strong></span> 
     </span>
    </p>
   </div>
   <div class='ocr_carea' id='block_1_9' title="bbox 0 0 1708 5378">
    <p class='ocr_par' dir='ltr' id='par_1_13' title="bbox 0 0 1708 5378">
     <span class='ocr_line' id='line_1_29' title="bbox 0 0 1708 5378; baseline 0 4"><span class='ocrx_word' id='word_1_162' title='bbox 0 0 1708 5378; x_wconf 95' lang='lat' dir='ltr'><strong> </strong></span> 
     </span>
    </p>
   </div>
  </div>
 </body>
</html>
