3384 5370
582 548 669 593 LIBER
694 549 836 604 QUARTUS

597 781 600 788 '
681 807 742 868 ur

211 1066 251 1136 dt
270 1067 406 1152 Quintus
426 1074 529 1136 tamen
549 1067 728 1157 Afphonsus
747 1070 834 1158 regni
853 1070 968 1138 unicus
986 1070 1109 1152 haeres,
1147 1154 1152 1162 ,

210 1192 368 1261 Donatum
387 1193 559 1282 Hesperiae
578 1192 658 1264 felici
677 1194 781 1263 sidere
800 1215 925 1276 numen,

209 1317 364 1406 Tempora
384 1318 437 1408 qui
456 1318 554 1388 lauris
572 1319 680 1398 cinxit,
701 1319 902 1410 tumidosque
921 1319 1050 1409 refregit

209 1441 347 1510 Finitimi
366 1442 456 1531 regui
477 1441 585 1523 fastus,
606 1443 769 1512 interritus
787 1443 865 1533 ipse,

208 1562 343 1633 Adversi
362 1585 524 1654 nunquam
541 1567 688 1636 sensisset
707 1566 836 1648 fulmina
855 1566 972 1648 Martis,

208 1687 341 1777 figmina
362 1689 391 1757 ni
410 1697 533 1779 peteret
551 1689 634 1760 fatali
652 1690 809 1780 hispanica
828 1690 924 1774 belim

208 1812 312 1882 Africa
332 1815 419 1882 testis
437 1815 508 1896 erit,
529 1835 624 1906 quam
643 1816 682 1884 sit
701 1815 768 1884 lter
788 1817 840 1886 iffe
859 1817 953 1887 feroci

208 1937 306 2006 Marte
326 1947 447 2027 putens,
468 1939 557 2008 duris
575 1949 649 2008 tunc
667 1939 886 2032 insuperabilis
905 1942 1010 2011 armis.

673 2297 723 2360 ut·

207 2559 265 2627 Hic
284 2559 460 2628 fortunatus
479 2561 582 2648 potnit
600 2559 772 2649 decerpere
790 2562 872 2630 mala

206 2683 322 2763 iturea,
344 2704 423 2774 quae
443 2684 526 2754 sufus
545 2685 649 2777 putuit
668 2685 851 2774 Tyrinthius
869 2685 964 2755 herus

205 2807 359 2898 Carpere;
380 2827 443 2876 non
462 2784 717 2889 calumniamus,
737 2817 812 2877 tunc
833 2810 934 2878 victus
953 2809 992 2879 ab
1012 2809 1074 2890 iliu,

204 2931 387 3001 Detrectare
401 2932 526 3021 jugum,
547 2932 632 3023 quud
650 2935 709 3003 fert
729 2933 891 3023 hucusque
910 2935 1068 3004 subactus.

203 3055 270 3125 Res
289 3055 372 3124 redit
391 3056 474 3136 iude,
495 3077 592 3126 manu
611 3077 689 3146 quas
707 3058 760 3126 dat
778 3058 909 3127 victoria
928 3059 1047 3147 palmas

204 3180 347 3258 Gestaris,
368 3201 404 3250 ac
423 3180 560 3250 frontem
578 3181 745 3254 redimitus
763 3183 873 3253 fronde
891 3183 1017 3264 virenti,

203 3305 321 3374 Mauris
339 3303 482 3384 devictis,
503 3306 557 3396 qui
577 3314 705 3378 strenue
724 3307 894 3378 defendere
914 3315 1035 3378 tentant

202 3429 363 3511 druidum,
384 3429 540 3510 Ateussu,
559 3433 676 3521 pnpufo
695 3433 882 3524 Tingimque
899 3432 1107 3523 frequentem.

671 3789 733 3852 LVI

203 4051 245 4120 nt
264 4052 434 4122 lusitanum
454 4061 619 4141 superatae
639 4053 759 4122 viribus
778 4073 887 4123 omnes

202 4176 364 4267 Accepere
380 4177 509 4267 jugum;
530 4149 589 4247 nec
607 4179 655 4247 vis
674 4178 869 4249 adamantina
888 4180 971 4248 muri

201 4301 327 4370 Restitit
347 4301 479 4370 assuetis
497 4301 665 4372 durissima
685 4323 829 4394 quaeque
847 4306 954 4393 rigore

201 4425 374 4497 Conterere
393 4427 556 4508 indomito,
578 4428 742 4520 validoque
761 4429 931 4519 infringere
950 4429 1043 4500 ferre.

201 4550 307 4620 Edidit
324 4551 376 4619 hic
394 4551 497 4620 Lusus
515 4553 667 4621 miracula
685 4552 819 4633 roboris,
840 4573 967 4624 emnem

201 4673 378 4744 Excessum
397 4673 505 4756 fidem,
526 4685 648 4746 sacrent
667 4677 756 4766 queis
775 4678 909 4747 maxima
927 4677 1035 4747 faudes

200 4798 339 4888 ingenia,
361 4807 392 4868 et
411 4808 512 4868 totum
531 4799 689 4869 celebrent
709 4801 909 4870 memoranda
929 4821 985 4891 per
1003 4800 1127 4882 orbem,

203 4925 348 5009 Quorum
367 4924 447 4994 fama
467 4924 563 4995 decus
581 4945 676 4995 verax
696 4926 813 4996 attollat
832 4927 871 4995 ud
890 4935 982 4996 astra.
