3384 5370
937 421 1089 470 erumnae

982 679 1041 742 lllll

516 943 607 1028 Quod
625 943 651 1011 si
672 951 794 1032 tempus
812 943 899 1012 adest
917 943 1047 1033 placidis
1066 944 1264 1013 sermonibus
1282 954 1409 1035 aptum,

515 1067 585 1138 Non
604 1067 708 1136 minus
726 1066 862 1137 intentae
881 1068 965 1136 voois
984 1077 1055 1136 sunt
1073 1067 1218 1137 sensibus
1236 1089 1342 1150 aures;

514 1191 578 1262 Neo
597 1195 741 1261 nostrdm
760 1211 832 1261 reor
849 1191 933 1261 ullus
951 1192 1022 1272 erit,
1044 1192 1097 1282 qui
1116 1192 1193 1280 lysia
1211 1191 1291 1262 lama

514 1313 634 1384 Proelia
652 1333 714 1383 non
732 1315 825 1394 norit,
846 1315 900 1405 qui
919 1315 1033 1384 marlia
1050 1316 1168 1384 neseiat
1186 1325 1270 1384 aota:

513 1437 582 1509 Non
599 1447 664 1506 tam
683 1458 811 1508 aversus
831 1439 894 1527 agit
913 1439 958 1508 sol
977 1449 1085 1508 nostro
1103 1459 1119 1508 a
1138 1439 1243 1509 littore
1262 1459 1373 1509 cursus

513 1561 680 1633 Amovitve
698 1563 790 1644 laces
809 1562 963 1633 llelindae
981 1573 1017 1632 ut
1034 1573 1161 1654 pectora
1181 1573 1289 1652 gentes

512 1687 564 1757 Sic
582 1687 692 1757 obtusa
710 1697 812 1778 putes,
832 1696 948 1758 utnon
968 1687 1099 1758 illustria
1118 1689 1238 1778 possint

513 1811 654 1882 Pendere
673 1821 759 1902 gesta
777 1814 892 1893 animo,
913 1814 1113 1904 pretimnque
1132 1815 1294 1904 imponere
1313 1813 1411 1884 laetis.

970 2171 1046 2234 exli

510 2437 655 2506 Invasere
674 2436 782 2526 polum
801 2435 920 2505 tumida
939 2437 1055 2505 virtute
1074 2437 1227 2526 gigantes,

510 2561 658 2631 Insanum
675 2579 790 2650 supero
808 2558 890 2629 bella
909 2559 1050 2630 indixere
1066 2561 1211 2642 Tonanti;

510 2685 680 2764 Pirithous,
700 2685 913 2774 Theseusque,
934 2685 1046 2754 animis
1065 2684 1256 2775 ingentibus,
1277 2704 1359 2756 ausu

511 2812 634 2900 lgnaro,
655 2810 736 2880 Ditis
754 2818 957 2901 penetranmt
975 2829 1070 2900 regna
1090 2809 1251 2901 profundi:

510 2935 595 3004 Haeo
614 2935 641 3003 si
660 2934 807 3004 mortales
824 2941 994 3023 potuemnt
1012 2932 1116 3014 edere,
1138 2953 1234 3024 quare

509 3057 580 3128 Non
597 3058 656 3129 alia
675 3059 803 3129 assimili
822 3067 970 3149 potemnl
989 3066 1114 3148 patrare
1132 3060 1273 3148 periclo?

510 3183 545 3252 Si
563 3182 622 3252 luit
640 3191 671 3252 et
689 3183 829 3274 Superos
847 3192 968 3253 lentare
987 3191 1017 3252 et
1036 3183 1162 3252 Tartara
1181 3203 1343 3272 magnum,

510 3307 580 3377 Non
598 3307 658 3377 erit
675 3307 806 3378 inlerius
824 3307 926 3397 pelagi
946 3326 1095 3396 superare
1113 3306 1245 3377 furores.

959 3665 1051 3729 CXlll

508 3930 636 4021 lgnihus
655 3927 791 3998 incendit
810 3927 978 3998 delubrum
998 3927 1118 4016 insigne
1138 3927 1266 4008 Dianae,

507 4056 599 4140 Quod
616 4075 728 4125 manus
745 4054 884 4126 extruxit
901 4053 1128 4144 Ctesiphonta,
1147 4053 1261 4123 nobilis
1278 4063 1355 4134 arte,

507 4178 654 4250 Concitm
671 4179 787 4249 insanis
805 4179 895 4248 iuriis
913 4179 1127 4257 Herostratus,
1146 4177 1224 4248 orbe

506 4302 686 4374 Immortale
704 4304 763 4373 sihi
783 4323 844 4393 quo
863 4323 976 4373 nomen
994 4303 1033 4373 ab
1053 4305 1124 4392 igne
1143 4311 1277 4392 pararet.

505 4431 540 4499 Si
560 4449 665 4500 caecas
683 4429 846 4498 hominum
863 4437 984 4500 mentes
1003 4430 1121 4501 furiosa
1140 4428 1254 4518 oupido

504 4553 647 4625 Nominis
665 4553 797 4643 impellit
815 4553 933 4623 orimen
952 4562 1075 4644 patrare
1094 4553 1272 4634 uelandum,

505 4680 581 4749 Jure
600 4685 694 4768 queat
711 4677 861 4747 meritum
878 4677 938 4747 sibi
957 4697 1109 4767 quaerere
1128 4697 1243 4748 nomen
1261 4679 1293 4746 in
1312 4697 1436 4758 aerum,

505 4803 566 4887 Qui
585 4803 703 4870 virtute
717 4810 833 4892 potens
851 4810 938 4889 gesta
956 4801 1145 4871 immortalia
1163 4809 1276 4891 patrat.

856 4999 871 5042 F
874 4999 926 5044 {uls
941 5000 1015 5045 elelll
1031 5000 1147 5044 seudum
