3406 5378
493 421 646 471 NOTULAE
664 423 696 470 ΙΝ
715 419 832 470 LIBRUM
850 420 1017 469 SECUNDUM

688 677 808 742 vatt

254 867 393 937 Plurima
413 884 493 955 quae
512 863 594 955 passi
614 862 793 932 discrimina
809 881 886 930 rnre
904 866 1076 939 recensent,

253 990 341 1060 Haec
357 989 517 1060 recolunt:

204 1180 277 1253 Quid
290 1181 315 1243 si
329 1179 420 1243 dicas:

254 1363 395 1433 Plurima
415 1383 496 1453 quae
515 1362 600 1453 passi
618 1360 743 1429 inerant
762 1359 957 1438 saevissima,
976 1364 1082 1426 mente

254 1488 336 1557 Turn
354 1487 519 1557 recolunt?

204 1677 303 1762 Neque
318 1677 401 1740 etiam
416 1677 561 1760 sequentia
575 1675 669 1750 laudo,
685 1675 734 1737 sed
747 1687 841 1737 tamen
854 1687 963 1737 mutare
976 1692 1033 1735 non
1046 1673 1146 1735 ausim.

678 1923 817 1988 nxvur

254 2011 309 2080 Sol
329 2010 464 2102 spatium
487 2062 543 2078 ...

201 2202 234 2265 In
249 2201 368 2265 duorum
382 2202 509 2284 priorum
524 2219 657 2264 rersunrn
671 2200 764 2266 loeum
774 2211 921 2284 sequentes
930 2199 1080 2263 substituo:

254 2383 393 2454 Cursum
409 2383 607 2473 iarn'rutilus
626 2384 717 2453 Titan
736 2374 912 2453 confecerat
930 2402 1041 2462 unum,

1277 393 1346 463 [435

254 2507 352 2578 Ortus
370 2516 439 2578 erat
458 2528 582 2590 rursus,
602 2527 701 2598 quum
722 2527 836 2577 curras
851 2526 990 2597 aequore
1009 2526 1116 2587 nares
1130 2514 1190 2576 etr.
1274 2485 1278 2493 ¹

964 2694 973 2730 i

704 2796 792 2858 nnn
968 2760 971 2765 ’

253 2881 353 2952 Nemo
371 2883 500 2964 etenim,
524 2935 531 2949 .
549 2935 580 2949 ..

199 3071 256 3133 Hos
270 3071 340 3135 duos
354 3092 451 3136 versus
465 3073 505 3135 sie
519 3074 639 3154 refingat

252 3253 332 3324 Nanr
349 3274 443 3326 nemo
462 3275 500 3325 ex
518 3262 652 3325 nurnero
671 3265 836 3345 captorum
853 3265 984 3326 nouerat
1002 3255 1070 3324 Indi

254 3377 340 3462 Quas
359 3387 486 3450 teneant
504 3381 599 3450 sedes
618 3379 818 3471 populique
837 3379 962 3450 elimate
977 3381 1093 3450 vivant.

200 3566 328 3644 climate,
339 3571 594 3651 graecovnuabulo,
606 3590 674 3634 usus
689 3583 730 3633 est
744 3571 840 3634 eodem
856 3591 940 3634 sensu
953 3570 1098 3654 Apuleius.
1114 3603 1116 3608 ·

690 3818 809 3881 Lxxn

250 3902 335 3972 illius
354 3905 513 3983 exoriens,
537 3955 567 3971 ..
586 3956 593 3971 .

184 4098 362 4162 Subohseura
376 4095 546 4178 periphrasis
560 4096 697 4177 signifieat
710 4096 782 4159 diern
798 4094 976 4170 dominicam,
985 4116 1042 4179 qua
1055 4096 1211 4160 Servatons
1220 4118 1345 4163 resurre-

143 4194 197 4257 ctio
213 4207 269 4258 retu
284 4193 435 4256 christiano
449 4193 515 4256 orbe
527 4193 691 4256 celebratur.
707 4193 765 4255 Hoc
779 4191 814 4254 ah
828 4192 888 4274 ipso
903 4192 1036 4256 Camenis
1049 4213 1106 4257 non
1120 4194 1214 4258 minus
1227 4197 1345 4262 obscure

143 4305 185 4355 est
198 4293 360 4356 indicatum.

682 4414 800 4478 LXXV

258 4653 313 4669 ...
337 4598 519 4689 meritisque
539 4599 716 4690 ingentibus
736 4607 858 4691 aequat.

197 4791 266 4865 Hor,
284 4791 380 4865 fateor,
396 4810 453 4854 non
469 4790 535 4854 satis
547 4790 615 4851 mihi
629 4801 671 4853 est
685 4792 873 4873 perspicuum.
