3440 5392
653 463 742 509 tabell
762 463 873 510 l‘llltll's

722 723 809 784 lxvi

266 982 368 1071 Hujus
388 985 444 1052 sed
464 991 607 1052 naturam
626 984 761 1052 beminis
780 987 957 1076 summique
975 987 1122 1057 Terlantis

265 1106 440 1198 Complexi,
461 1129 523 1176 nen
543 1111 656 1198 scripta
677 1109 743 1178 lem
761 1121 963 1186 monumenta
982 1111 1110 1194 libellis;

265 1233 344 1302 Nam
363 1253 442 1323 quae
460 1237 556 1302 eorde
574 1243 712 1312 manent,
732 1236 907 1326 mediisque
927 1235 1021 1306 inllxa
1045 1238 1202 1311 medullis,

265 1358 358 1428 Haud
376 1379 456 1449 epus
474 1367 522 1427 est
540 1360 660 1429 ealame
680 1359 831 1449 perituris
850 1362 978 1429 tradere
998 1363 1125 1430 abartis.

265 1483 309 1561 Si,
330 1482 414 1572 qued
433 1485 488 1564 ais,
510 1493 540 1552 te
561 1493 667 1553 tantus
686 1504 774 1552 amer
793 1493 877 1554 tenet
896 1505 984 1554 arma
1005 1487 1141 1558 videndi,
1243 1527 1246 1535 ·

266 1608 404 1697 Compos
422 1609 484 1677 eris
503 1609 582 1688 veti3
604 1629 715 1678 eernes
734 1618 840 1678 tamen
859 1610 958 1678 instar
975 1612 1068 1679 amiri

266 1732 421 1822 Hospite
442 1733 549 1801 bestili
569 1753 626 1801 nee
645 1734 726 1802 enim
746 1742 778 1801 te
797 1754 928 1804 eernere
946 1755 1034 1805 more

264 1856 353 1926 Velie
373 1877 454 1936 renr,
476 1858 631 1927 virtusne
652 1867 685 1927 tu
704 1859 876 1947 experiaris
894 1868 929 1929 ut
948 1860 1055 1930 bostis,

707 2219 808 2283 valt

264 2481 347 2551 Haee
366 2481 419 2551 ubi
438 2481 535 2564 dieta;
554 2482 645 2572 jubet
664 2483 783 2552 deleres
802 2491 931 2573 portare
949 2485 1113 2554 ministres

262 2606 435 2675 Armemm
454 2625 553 2696 genus
571 2626 664 2675 omne
683 2608 845 2697 oculisque
865 2627 1039 2697 exponere;
1062 2619 1214 2679 monstrat

264 2731 368 2800 Fertia
387 2731 501 2800 lucenti
520 2733 690 2801 constantia
710 2732 848 2820 tegmina
869 2733 963 2813 lerre,

262 2855 451 2945 Lerieasque
469 2854 598 2934 habiles,
620 2865 652 2924 el
671 2866 740 2925 suta
758 2856 918 2926 horrentia
936 2857 1066 2927 lamnis:

263 2978 423 3069 Seutaque
442 2981 576 3049 diversis
595 2981 717 3070 depicta
737 2981 912 3072 insignibus
919 3005 926 3062 ;
948 2982 1079 3051 horrent

262 3101 345 3172 Aere
365 3103 460 3193 globi,
482 3123 563 3194 pure
582 3113 642 3173 stat
661 3105 764 3174 listula
784 3106 879 3175 dueta
898 3107 1038 3186 metallo,

262 3227 450 3318 lnuurxique
470 3249 572 3308 atreus,
594 3238 624 3298 et
643 3229 763 3320 spieula
782 3239 871 3300 uerita
890 3231 1062 3322 pharetris,

262 3350 403 3441 Pilaque,
423 3352 563 3441 praellae
583 3373 641 3422 ner
661 3375 721 3422 nen
741 3354 863 3425 hastilia
883 3355 977 3424 lerru.

698 3713 808 3775 liltlltll

259 3974 420 4044 Ardentes
439 3975 580 4044 relerunt
599 3974 754 4065 aeleppm,
775 3977 915 4065 ullusque
935 3976 1066 4045 relertas

259 4097 392 4168 Pulvere
411 4098 595 4189 sulphurem
616 4121 716 4190 genus
734 4100 891 4169 exitiabile
912 4099 1071 4180 llammae;

259 4222 390 4292 Vulcani
410 4232 514 4292 tamen
534 4224 586 4293 ille
604 4233 687 4299 vetat
706 4232 861 4294 tormenta
883 4225 1043 4294 ministres

257 4347 358 4417 nerea
377 4347 509 4418 terribili
529 4349 707 4438 displodere
726 4349 853 4419 lulmina
873 4349 965 4418 llatu:

258 4471 347 4541 blena
366 4473 485 4542 etenim
503 4493 659 4562 generosa
679 4483 773 4563 negat
792 4475 918 4544 turbam
936 4476 1019 4543 inter
1037 4475 1190 4544 inermem

258 4595 425 4666 Ostentare
444 4598 575 4678 animoa,
591 4605 622 4665 el
641 4597 731 4666 lertia
749 4617 899 4686 premere
919 4599 1050 4667 dextrae

257 4720 397 4802 Reberal
417 4729 448 4790 et
466 4731 513 4791 est
532 4723 686 4812 quaedam
706 4721 838 4790 dicenda
857 4721 977 4811 ignaria
996 4730 1093 4801 eerte,

257 4844 340 4914 lnter
358 4867 436 4915 eves
454 4846 579 4915 timidas
599 4848 755 4915 tumidum
775 4847 894 4916 saevire
915 4845 1046 4914 leonem.
