3440 5392
918 401 1074 450 nustnunn

937 659 1056 722 XXXIX

502 922 530 992 0
547 930 636 1013 pater
653 922 857 1013 omnipotens,
877 917 1002 1012 seinper
1019 941 1145 992 mecum
1163 922 1228 1012 ipsa
1245 923 1364 1012 putavi,

502 1047 662 1137 Quidquid
681 1067 739 1137 ego
758 1047 876 1116 ardenti
897 1047 1132 1136 complecterer,
1154 1049 1243 1136 ignea
1261 1047 1365 1126 cordo,

501 1171 535 1240 ld
556 1171 610 1240 tibi
629 1172 779 1241 dilectum
797 1181 986 1262 gratumque
1004 1191 1043 1240 ex
1063 1171 1158 1240 corde
1176 1170 1335 1252 tutururn;

501 1296 584 1380 Quin
603 1296 716 1366 merito
736 1295 908 1386 quidquam
926 1297 1029 1386 gravis
1046 1295 1145 1366 hostis
1164 1295 1286 1365 obesset
1304 1299 1421 1366 amori:

503 1419 567 1488 Sed
586 1420 710 1508 quando
728 1421 841 1489 iratum
859 1419 936 1489 rnihi
955 1429 986 1488 te
1004 1421 1071 1490 sinc
1089 1421 1218 1490 crimine
1237 1439 1342 1499 cerno,

500 1545 542 1614 Et
561 1544 661 1634 placet
680 1545 854 1614 immeritas
871 1543 934 1613 odii
953 1563 1005 1613 rno
1023 1544 1161 1634 pendere
1179 1563 1305 1633 poenas,

501 1669 577 1737 Sors
596 1667 695 1738 faveat
713 1669 845 1749 Baccho,
865 1678 936 1738 vota
954 1669 1036 1738 illius
1054 1677 1137 1738 astra
1155 1668 1337 1748 secundent,

502 1793 641 1863 Tandem
659 1794 772 1864 infelici
790 1803 892 1864 natam
912 1813 963 1862 nre
981 1793 1084 1864 sidere
1100 1794 1214 1866 ndrim.

974 2153 1023 2214 XL

504 2417 562 2486 Hic
581 2417 725 2507 populus,
746 2399 800 2507 oui
815 2417 887 2507 jure
906 2437 1005 2498 inens,
1026 2417 1076 2486 cui
1093 2416 1212 2485 lurnina
1231 2416 1364 2486 tundunt

503 2544 566 2613 Has
584 2545 746 2634 lacrymas,
765 2543 881 2612 frustra
899 2563 937 2612 ex
951 2544 1050 2612 ocutis
1068 2545 1134 2611 sine
1153 2543 1271 2612 honore
1290 2540 1445 2621 cadentes,

502 2667 566 2737 Cur
584 2669 715 2757 pereat?
734 2667 790 2736 sed
810 2687 902 2736 causa
920 2667 994 2736 rnali
1013 2675 1059 2736 est
1077 2687 1167 2736 meus
1185 2666 1280 2736 ardor
1299 2665 1430 2748 amoris;

501 2792 562 2860 Hic
580 2800 681 2870 nocet,
701 2794 768 2882 ipse
786 2812 858 2861 meo
878 2791 1002 2880 quando
1022 2791 1195 2861 adversaris
1214 2791 1331 2872 amori;

502 2917 549 2985 llli
568 2917 650 2988 oculi
668 2917 771 2996 ssetus,
792 2918 926 3007 suspiria
944 2925 1069 3007 pectora
1084 2917 1218 3006 jactant;

391 3093 394 3102 .
503 3042 627 3132 Proque
644 3042 703 3110 hoc
721 3041 846 3111 assidue
865 3050 972 3112 contra
990 3062 1059 3111 mea
1078 3041 1179 3111 sidera
1196 3061 1313 3131 pugno.

503 3166 564 3235 Sed
584 3174 686 3234 tamen
705 3165 798 3256 (unus
817 3186 907 3236 amor
924 3167 1069 3257 quoniam
1088 3165 1145 3236 tibi
1165 3187 1255 3236 causa
1274 3163 1419 3252 nocendi)

503 3289 608 3358 Odere
626 3291 733 3381 iniqua
750 3310 852 3373 meos3
874 3291 974 3361 salvos
991 3298 1139 3381 tutosque
1158 3290 1282 3362 videbo.

967 3649 1029 3712 XLI

502 3915 544 3984 nt
562 3923 670 4005 pereat
689 3913 814 3984 tandem
833 3913 1002 3982 sceleratae
1021 3912 1152 3981 crimine
1171 3912 1274 4002 gentis
1281 3935 1289 3993 ;

503 4040 633 4122 Quando
653 4060 748 4131 ego...
773 4039 846 4118 Sed,
868 4048 976 4108 tenero
996 4037 1028 4106 in
1047 4037 1199 4127 lacrymas
1218 4037 1354 4107 resoluta
1372 4035 1492 4116 doiore,

501 4165 658 4236 Ardenter
676 4165 774 4235 nitida
792 4184 845 4234 ora
865 4165 956 4254 rigat,
976 4185 1087 4234 vocem
1104 4163 1231 4234 absonia
1248 4162 1348 4244 unda;

502 4289 555 4360 Sic
574 4298 678 4359 rnanet
697 4297 731 4358 ut
749 4309 830 4378 puro
849 4308 919 4358 rosa
937 4290 1070 4379 tingitur
1087 4288 1216 4359 humida
1234 4307 1321 4357 rore:

503 4413 661 4483 Conticuit
680 4413 819 4502 nautum,
840 4433 896 4482 sen
913 4433 974 4483 von
992 4413 1156 4502 absumpta
1175 4413 1294 4502 periret

502 4537 649 4617 Gutture,
669 4545 823 4606 testantur
840 4536 936 4606 verba
953 4538 1122 4606 interclusa
1141 4535 1293 4614 dolorem,

502 4664 639 4751 Pergere
657 4682 730 4731 mon
749 4670 862 4744 tentat;
884 4665 1008 4732 conanti
1027 4663 1142 4743 dicere,
1162 4683 1230 4732 sese

503 4785 619 4875 Objicit
638 4787 854 4877 Omnipotens
874 4806 1045 4876 uocemque
1064 4795 1094 4856 et
1113 4787 1207 4883 verbu
1227 4793 1360 4856 coercet.
