3394 5372
560 437 651 484 arara
669 435 818 485 surrmus

623 757 629 770 ,
668 693 706 758 Vl

192 959 255 1028 lter
274 967 381 1030 tamer
400 966 540 1048 ereptam
560 956 654 1026 lalsus
673 957 733 1027 sibi
752 957 872 1026 detinet
890 956 1005 1027 urbem

190 1085 387 1182 Terrestrem
405 1083 575 1174 Selymam,
596 1083 781 1174 captivaque
800 1083 923 1152 moenia
941 1084 1061 1162 temnit,

189 1210 275 1279 Dum
295 1209 380 1298 leges
398 1229 460 1277 non
479 1209 530 1278 ille
548 1229 665 1288 sacras,
686 1209 936 1298 documentaque
954 1217 1058 1278 servat

167 1360 170 1369 ·
189 1331 340 1402 Coelestis
358 1332 513 1422 Solymae,
535 1342 566 1401 et
584 1332 672 1402 Fidei
691 1331 871 1401 fundamina
891 1341 1002 1400 vastat.

189 1455 235 1526 lle
254 1466 285 1525 te
305 1455 381 1548 quid
397 1439 514 1538 dicam,
535 1475 647 1525 nemen
667 1456 855 1546 titulumque
875 1475 1070 1546 supremum,

188 1580 272 1649 luter
291 1578 482 1649 Christiades
501 1580 555 1670 qm
570 1580 678 1669 jactas,
699 1579 842 1669 improbe
861 1579 960 1658 Galle,

189 1704 257 1772 Non
277 1703 361 1793 quod
379 1723 493 1773 acmen
513 1723 611 1785 ames
632 1725 690 1774 nec
710 1707 773 1794 qud
793 1705 909 1773 tuearis
928 1701 966 1772 ab
984 1703 1084 1784 hoste,

188 1827 248 1898 Sed
269 1829 333 1916 qud
351 1827 490 1917 dejicias,
510 1827 663 1917 foedeque
682 1828 713 1896 ir
733 1828 860 1918 pulvere
878 1828 1001 1897 calces?

658 2185 709 2250 vll

189 2449 401 2520 christiadum
419 2451 521 2519 uarias
539 2449 635 2519 trahis
654 2451 685 2519 in
704 2460 756 2520 tua
773 2450 844 2541 jura
863 2471 1004 2530 coronas,

188 2575 292 2658 Quum
310 2585 363 2643 tua
382 2585 445 2644 tam
463 2575 523 2644 late
542 2573 672 2644 laudant
691 2595 724 2644 se
742 2575 844 2645 limite
863 2595 975 2665 regua:

188 2699 350 2790 Cinyphus
367 2719 402 2768 ac
413 2679 510 2769 'Nilus
528 2699 694 2788 tranquilla
713 2720 789 2789 pace
809 2699 971 2780 lruuntur;

186 2824 256 2895 Neri
275 2825 365 2915 petis,
386 2833 536 2903 armatus,
558 2822 656 2892 divini
675 2825 811 2894 neminis
828 2824 958 2895 hostes?

187 2948 299 3018 Hastas
317 2957 347 3017 et
366 2947 484 3038 gladios
504 2947 534 3015 ir
553 2967 607 3016 ees
626 2948 749 3016 vibrare
766 2947 895 3017 deceret

186 3073 247 3158 Qui
267 3063 436 3161 reprobant
454 3070 672 3161 lapidemque
691 3071 781 3140 firma
800 3071 941 3140 Ecclesia
960 3081 1095 3161 perstat:
1119 3091 1134 3104 ’

186 3195 317 3266 Carolus
335 3205 366 3265 et
385 3195 502 3264 Lcdcix
522 3215 612 3285 reges
631 3195 687 3284 tibi
707 3204 830 3284 sceptra
850 3194 1016 3272 dederunt,

186 3321 354 3411 legitimas
372 3321 446 3390 belli
464 3339 573 3389 causas
591 3341 654 3389 non
673 3320 766 3389 discis
785 3318 926 3387 amittis?

650 3677 712 3743 Vlll

184 3945 276 4015 Nurac
295 3946 386 4015 remo
406 3943 444 4013 ad
463 3943 614 4033 pupulum
633 3962 728 4032 quem
747 3941 867 4011 dudum
886 3941 988 4011 reddit
1007 3943 1150 4011 inertem.

186 4068 375 4162 Deliciisque
394 4069 458 4138 suis
477 4075 618 4148 enervat,
637 4066 751 4136 blanda
769 4066 926 4155 veluptas3

185 4194 282 4284 Cujus
300 4201 508 4283 currumpunt
526 4202 557 4262 et
575 4212 651 4281 apes
670 4211 705 4261 ae
722 4191 785 4261 otia
804 4191 908 4268 vitam,

185 4319 289 4390 Oblita
307 4319 407 4389 veteri
426 4321 540 4388 virtute
559 4327 591 4388 et
610 4318 723 4387 robore
742 4317 882 4386 dextrae.

185 4443 322 4514 Hostiles
339 4441 443 4513 sulllat
461 4443 569 4522 firrias,
589 4441 751 4531 saevitque
768 4439 906 4529 tyrannis

184 4569 300 4651 Effera,
322 4589 384 4660 qua
403 4568 502 4638 fervet
521 4567 580 4638 sibi
598 4567 687 4657 plebs
706 4565 831 4635 inimica
849 4563 1001 4633 tumultu:

184 4692 247 4763 Ohl
268 4694 402 4762 nimium
422 4692 538 4774 inlelix,
559 4691 773 4780 vitiorumque
791 4688 903 4758 obruta
922 4687 1004 4755 mole

184 4817 280 4896 ltalia,
301 4817 368 4907 ipsa
387 4815 443 4886 tibi
462 4817 594 4897 (liscum,
615 4814 745 4884 adversa
765 4811 905 4902 tuisque!

291 4931 315 4970 tt
