3440 5392
564 425 651 472 tumn
671 427 831 474 secururs

633 682 753 746 XXXV!

194 944 282 1029 Quas
299 955 411 1015 natura
430 965 534 1015 comas
552 945 705 1016 rutiluum
725 935 877 1036 crispdmt
896 947 927 1016 in
946 969 1072 1029 aurum,

194 1071 360 1159 Sparserat
379 1072 410 1137 in
428 1077 540 1138 tenues
558 1088 615 1159 per
633 1070 712 1138 colia
730 1071 861 1139 nitentia
879 1081 1006 1153 rentos;

194 1193 410 1284 Tendentiqne
429 1203 579 1274 tremunt,
599 1215 658 1264 ceu
677 1195 775 1266 lactea
788 1215 892 1286 poma,
911 1197 1055 1287 papillae,

193 1317 290 1387 Ludit
307 1317 362 1387 ubi
381 1326 545 1389 contentus
561 1317 673 1399 Amor,
693 1319 868 1411 refugitque
886 1321 1003 1402 videri;

195 1443 347 1534 Corporis
365 1463 383 1512 e
401 1445 502 1524 nivea,
523 1447 644 1535 signant
662 1465 756 1535 quam
775 1446 909 1535 cingula,
930 1447 1090 1516 flammam

194 1569 287 1638 Parte
308 1571 414 1650 vomit,
435 1590 497 1661 quo
517 1569 612 1638 corda
630 1570 695 1660 igni
714 1590 794 1660 puer
812 1570 974 1662 improbus
994 1573 1066 1642 urit.

195 1693 256 1762 Per
276 1712 409 1762 crurum
427 1701 540 1764 teretes
558 1693 696 1762 ardentia
715 1703 787 1764 vota
806 1697 981 1776 columnas,

196 1817 283 1887 More
301 1817 450 1896 hederae,
471 1817 501 1886 in
523 1820 632 1908 spiras,
653 1837 726 1888 omn
745 1839 779 1888 se
797 1819 891 1908 plicat
908 1829 986 1897 acta,
1007 1820 1166 1891 subibant.

634 2179 764 2241 XXXVH

195 2441 246 2512 1113
264 2442 343 2532 tegit
362 2443 447 2511 tenui
465 2440 628 2532 bombycis
645 2445 783 2532 tegmine
800 2441 955 2523 membra,

195 2566 290 2650 Queis
309 2565 463 2655 clppeum·
475 2566 558 2635 taciti
576 2567 720 2655 opposuit
739 2575 849 2634 natura
867 2565 1009 2655 pudoris,

193 2691 311 2761 Partim
331 2692 442 2780 aperit,
462 2691 640 2781 partimque
658 2692 734 2780 tegit
752 2690 954 2779 pudibundus
973 2691 1116 2770 amictus,

193 2817 314 2906 Largus
333 2836 441 2906 opum,
460 2824 608 2886 venerant
624 2815 680 2885 ubi
700 2816 763 2885 lilia
780 2816 877 2886 mixta
895 2815 1027 2896 rubore;

194 2941 238 3014 Ut
255 2943 436 3032 duplicetur
455 2962 554 3012 amor.
573 2951 776 3032 crescantque
795 2940 949 3032 cupidinis
968 2944 1067 3032 ignes,

194 3065 309 3156 ObiJ'cit
322 3065 465 3145 illicium,
486 3067 569 3156 quod
587 3067 704 3136 lomina
723 3074 825 3155 captet
845 3085 961 3136 amore.

194 3190 326 3280 Jamque
345 3189 423 3259 adeo
441 3197 507 3259 toto
527 3189 724 3280 deprendunt
743 3190 845 3259 sidera
863 3188 949 3259 coelo

193 3314 351 3404 Urgentes
369 3312 512 3383 stimulos
526 3312 667 3394 Vulcani,
688 3321 720 3384 et
737 3313 846 3384 Martis
864 3333 997 3384 amores

612 3674 764 3736 xxxvfll

191 3935 308 4006 Iudicat
326 3939 359 4005 in
379 3935 465 4006 vultu
483 3939 651 4026 pugnantia
670 3937 756 4026 signa
776 3937 902 4017 decoro,

192 4059 348 4150 Ambiguo
368 4069 399 4130 et
415 4061 519 4130 visum
538 4069 569 4131 et
586 4061 738 4152 lacrymas
755 4069 940 4151 attemperat
958 4063 1018 4142 ori,

192 4185 258 4255 Ceu
277 4187 367 4276 virgo
386 4187 500 4256 incauti
520 4206 599 4277 quae
618 4186 746 4255 vulnere
765 4187 845 4256 laesa
863 4186 987 4275 petulco

190 4310 246 4379 Est
261 4310 397 4400 juvenis,
417 4309 542 4400 puicbri
562 4331 659 4402 quum
677 4311 792 4400 praelia
811 4310 891 4379 ludit
909 4309 1035 4390 amoris,
1152 4355 1157 4372 .

191 4434 277 4517 Quae
296 4435 391 4504 simul
410 4445 441 4505 et
460 4435 552 4512 ridet,
574 4435 668 4506 simul
687 4444 717 4504 et
736 4434 938 4524 lacrymatur,
958 4442 988 4502 et
1007 4433 1078 4503 indo
1173 4515 1179 4524 .

191 4558 260 4628 Jam
279 4558 411 4650 querula
430 4559 605 4640 abscondit,
622 4557 688 4648 jam
706 4559 783 4628 laeta
801 4557 935 4627 ostendit
953 4566 983 4628 et
1002 4535 1068 4627 ora.

191 4683 244 4752 Sic
261 4682 340 4764 Dea,
360 4682 486 4754 sidereo
504 4685 555 4752 cui
573 4705 631 4774 par
648 4683 714 4752 Dea
732 4681 817 4752 nuila
835 4681 960 4763 decore,

189 4805 257 4876 Non
275 4817 397 4878 moesta
415 4807 596 4898 alloquitur,
616 4809 670 4878 sed
689 4807 802 4878 blande
821 4808 910 4890 irata,
930 4815 1103 4897 parentem.
