3440 5392
934 471 1089 521 custnnau

994 728 1029 788 Li

514 993 666 1082 Ereptum
684 991 802 1062 Mauris
821 989 920 1060 Guam
939 990 1055 1060 virtute
1073 999 1200 1061 tuorum

515 1116 669 1207 Aspicies,
689 1115 794 1205 regnis
813 1135 893 1205 quae
911 1135 985 1184 mex
1003 1115 1183 1186 dominetur
1200 1114 1286 1196 EuiS,

514 1243 554 1310 Et
573 1241 717 1310 sublimis
736 1249 806 1330 aget
825 1240 865 1308 de
885 1241 968 1309 rictu
986 1239 1115 1310 Oriente
1134 1241 1321 1330 triumphes,

514 1364 691 1436 Ostendens
710 1369 833 1456 superis
851 1366 1008 1435 Lusurum
1027 1385 1066 1435 ex
1085 1384 1156 1434 arce
1175 1365 1334 1455 trophaea,

515 1491 638 1560 Pellens
657 1493 764 1572 armis,
785 1500 816 1560 et
835 1511 987 1580 generose
1005 1491 1103 1560 Marte
1122 1488 1268 1580 superba,

516 1613 630 1683 infidas
648 1622 767 1702 gentes
790 1634 869 1704 quae
888 1614 1017 1682 numina
1037 1634 1113 1682 vana
1133 1613 1251 1682 caduca

517 1736 690 1827 Retligiune
709 1737 826 1817 colunt,
847 1747 938 1826 coget
957 1737 1076 1807 servire
1096 1737 1224 1826 lupatis;

518 1861 559 1930 Et
578 1862 603 1930 si
624 1862 678 1954 qui
696 1861 796 1950 Lysiis
815 1861 923 1951 pepuli
943 1861 1007 1930 iera
1026 1860 1108 1930 heila
1125 1860 1306 1930 movebunt.

992 2218 1040 2282 [dl

518 2479 648 2550 Deiendi
667 2482 774 2571 parvis
792 2482 966 2573 opibusque
984 2489 1015 2554 et
1033 2481 1134 2551 milite
1153 2502 1272 2562 cernes

518 2605 717 2697 Agminibus,
737 2607 815 2676 susis
832 2608 983 2678 Cananeri
1003 2608 1168 2678 hostilibus
1186 2628 1306 2690 arcem;
1369 2694 1370 2697 Ἴ

518 2731 593 2801 Inde
612 2730 796 2800 Calecutum
816 2733 1023 2822 imperioque,
1043 2730 1220 2823 opibusque
1238 2741 1410 2822 potentem,

518 2855 558 2924 Vi
578 2864 700 2946 captam
720 2855 861 2948 aspicies,
884 2856 1036 2946 compteri
1055 2865 1087 2924 ct
1105 2855 1253 2925 caedibus
1271 2855 1394 2925 urbem.

518 2979 739 3071 Insignemquc
757 2979 835 3049 adeo
854 2978 961 3048 Cucini
980 2978 1075 3048 heroa
1094 2979 1216 3049 ridebis

519 3105 671 3194 Surgere,
692 3125 787 3195 quem
805 3113 889 3174 tanto
908 3105 1045 3186 Marum,
1066 3102 1236 3175 celebrabit
1253 3103 1382 3185 honere,

519 3228 680 3318 Quidquid
700 3237 734 3298 ut
753 3230 903 3298 eximium
922 3228 1039 3298 fidibus
1056 3228 1234 3298 modulatus
1248 3227 1359 3318 Apelle
1377 3236 1424 3297 est

521 3351 690 3432 Hactenus,
711 3352 785 3421 huic
804 3355 859 3421 uni
878 3351 1027 3422 concedat
1045 3353 1186 3442 praemia
1204 3353 1335 3443 palmae.

983 3707 1051 3770 Llll

522 3969 592 4040 Nen
611 3969 700 4040 aliter
719 3970 788 4040 dire
807 3970 955 4041 Mavortis
974 3971 1100 4041 turbine
1117 3972 1205 4040 risus

522 4095 658 4164 Fervcre
676 4095 841 4177 Leucates·
860 4115 933 4164 cum
952 4095 1047 4164 civica
1065 4094 1147 4164 hetta
1166 4094 1312 4165 merebat

522 4219 647 4289 Actiaca
662 4217 835 4308 Augustus,
855 4219 971 4310 quibus
989 4220 1084 4310 impia
1102 4219 1163 4288 tela
1182 4228 1336 4289 rotantem

522 4344 700 4412 Romanum
715 4344 806 4432 justis
825 4347 985 4432 superavit
1003 4344 1123 4414 viribus
1141 4342 1273 4424 hostem,

523 4469 584 4552 Qui
605 4488 713 4538 secum
727 4467 869 4539 Aurorae
887 4471 1031 4560 populos,
1052 4469 1146 4539 simul
1164 4469 1288 4559 agmina
1306 4469 1380 4549 Nili,

522 4593 644 4673 Bactra,
664 4592 859 4683 Scythasque
877 4595 961 4664 teres
980 4596 1011 4662 in
1029 4594 1148 4664 beilum
1166 4601 1342 4664 armaverat
1361 4613 1445 4674 acer,

522 4719 563 4788 Et
582 4717 703 4808 palmas
721 4719 822 4788 victer
839 4719 1050 4810 praedamque
1068 4727 1230 4788 revexerat
1249 4720 1311 4798 illc,

523 4843 626 4927 Quem
645 4842 744 4911 tenuit
763 4841 896 4932 pulchre
914 4843 1028 4914 lasciva
1043 4844 1182 4934 aegyptia
1201 4844 1306 4913 vultu:
