3440 5392
596 389 686 438 LIBER
704 389 862 439 SECUNDUS

708 648 747 712 Vi

227 911 326 981 Addit
346 919 378 980 et
397 910 470 980 inde
488 929 604 1000 rugans
621 909 804 981 habitentne
821 911 1020 1004 haec'littore
1038 919 1149 1001 gentes

228 1035 454 1115 christiadum,
475 1055 556 1125 quae
574 1035 678 1125 prima
696 1035 786 1106 ducis
804 1035 957 1105 sententia
974 1045 1102 1119 nautae

227 1161 365 1230 Nuntius
385 1159 535 1240 attelini,
556 1159 682 1230 fallendi
702 1168 733 1230 et
750 1161 903 1240 runscius
924 1179 1033 1230 omnes

227 1285 334 1354 Poene
353 1283 415 1352 lori
434 1283 560 1354 Christo
580 1284 692 1374 recipit
710 1284 785 1354 dare
802 1284 929 1353 nomina
948 1285 1043 1353 eires.

227 1409 284 1478 His
303 1408 398 1478 dictis
416 1408 520 1478 firmat
539 1408 716 1488 ductorem,
736 1417 768 1478 et
786 1407 899 1478 liberet
917 1409 1003 1478 omni

228 1533 416 1624 Suspicione
435 1533 586 1614 animum,
606 1542 778 1624 mutusque
797 1553 814 1603 e
833 1534 928 1604 eorde
948 1535 1079 1604 timores

227 1657 342 1748 Ejieit;
361 1657 436 1728 hine
454 1658 565 1728 Mauro
583 1657 627 1726 nil
645 1657 765 1728 iraudis
783 1659 887 1728 inesse
906 1657 1014 1727 deluso

229 1783 300 1852 Dur
318 1789 422 1873 putat,
441 1782 620 1871 infideeque
637 1791 726 1873 parat
744 1802 779 1852 se
797 1783 929 1852 eredere
946 1783 1043 1872 genti.

699 2139 755 2205 vll

227 2406 311 2476 Exin
330 2405 469 2484 illerum,
489 2405 592 2494 patrio
610 2423 689 2494 quos
706 2404 813 2475 littore
831 2413 937 2474 sentes

229 2531 383 2610 Duxerat,
403 2528 443 2598 eb
463 2528 570 2619 culpas
589 2535 621 2598 et
638 2529 725 2619 turpi
743 2528 876 2598 erimine
894 2527 980 2597 letho

229 2655 395 2736 Addimus
414 2655 519 2726 dubiis
538 2655 591 2744 qui
611 2655 708 2724 vitem
726 2673 884 2744 exponere
901 2651 1018 2724 debent

229 2781 375 2862 Casibus
395 2781 487 2871 elegit
506 2781 659 2870 geminos
681 2781 734 2870 qui
752 2787 860 2849 mente
879 2779 982 2868 sagaci

228 2905 380 2996 insignes,
400 2913 468 2975 astu
485 2913 617 2975 venture
635 2906 668 2974 in
684 2905 765 2974 ferta
782 2906 894 2994 parati,

231 3031 407 3101 Observent
424 3029 550 3101 fraudes
567 3030 762 3110 Maurorum,
782 3037 814 3099 et
832 3036 918 3100 uerte
936 3027 1114 3118 requirnnt:

230 3153 330 3226 Urbis
347 3174 434 3244 opes,
453 3155 603 3243 uiresque
621 3161 739 3233 notent,
759 3154 785 3222 si
804 3172 934 3222 eernere
953 3153 1072 3242 possint

232 3277 434 3362 Christiades,
455 3285 541 3348 tento
559 3297 639 3369 quos
656 3278 745 3348 ardet
763 3297 870 3346 amore
888 3275 1024 3348 ridendi.

690 3635 761 3708 11111

232 3900 304 3971 litos
322 3899 405 3970 ierre
420 3899 510 3990 jubet
528 3900 703 3991 gratissima
721 3919 852 3970 munera
870 3899 961 3990 Regi,

231 4023 417 4094 Exhibitum
434 4025 524 4095 vultu
542 4045 581 4094 ue
600 4033 726 4116 pectore
744 4024 838 4114 pellat
856 4044 1007 4104 emerem,

231 4149 295 4219 Sed
316 4157 421 4219 servet
441 4149 627 4240 facilemque
649 4149 800 4230 animum,
822 4157 1022 4240 mentemque
1041 4147 1221 4238 benignam,

232 4274 322 4358 Quae
340 4283 444 4344 temen
462 4275 599 4364 egregiis
617 4271 717 4343 iuerat
736 4276 890 4344 centraria
908 4273 1015 4362 signis.

231 4400 368 4487 Agmine
381 4399 445 4489 jem
463 4419 558 4468 neves
575 4398 760 4468 Maurorum
777 4397 901 4468 infanda
920 4398 1112 4488 relinquunt,

231 4522 391 4612 Frangere
409 4522 499 4592 docta
518 4523 624 4602 sidem,
644 4531 675 4592 et
693 4523 811 4592 sulcant
830 4521 928 4591 maria
946 4521 1006 4590 alte
1025 4521 1148 4600 earinis,

231 4645 414 4736 Composito
433 4647 511 4727 risu,
530 4647 666 4737 fictoque
685 4647 717 4716 in
737 4646 850 4737 gaudia
869 4653 974 4734 gestu:

230 4770 371 4841 Comiter
389 4772 513 4861 excepti
532 4771 650 4862 gemini
669 4779 741 4841 sunt
759 4771 864 4840 littore
883 4770 969 4839 Lusi.
