3440 5392
916 351 1068 400 beemots

949 609 1037 674 XCIII

497 872 640 943 Victores
658 881 804 962 repetunt
823 873 967 954 classem,
983 873 1154 970 spoliisqqe
1173 872 1301 964 superbi

495 997 654 1078 Exultont,
675 996 853 1088 praedaque
871 1017 993 1087 graves,
1015 1018 1154 1089 auroque
1172 998 1295 1080 deeori;

496 1124 639 1212 Iamque,
658 1121 785 1204 hilares,
805 1130 985 1191 scrutantur
1003 1143 1111 1213 aquas,
1132 1131 1163 1192 et
1180 1122 1250 1191 riva
1270 1131 1430 1214 reportant

335 1257 339 1264 '
455 1339 460 1350 Ι
495 1246 641 1316 FlumIna
659 1246 774 1326 seeuri,
794 1245 961 1336 nullusque
979 1246 1148 1336 opponitur
1166 1245 1274 1316 hostis.

494 1371 536 1441 At
554 1372 658 1462 gravis
675 1371 749 1441 hino
766 1370 912 1441 Naurum
931 1370 1020 1440 dolor
1038 1371 1099 1441 alta
1118 1371 1151 1439 in
1169 1379 1277 1441 mente
1296 1371 1453 1451 manebat,

494 1497 563 1567 Non
581 1498 657 1568 alias
674 1497 776 1586 magis
793 1497 826 1565 in
844 1496 944 1566 Lusos
962 1497 1078 1567 exarsit
1097 1497 1130 1565 in
1148 1497 1212 1566 iras
1218 1518 1226 1578 ;

495 1621 649 1712 Quodque
666 1622 751 1691 ridet
769 1641 803 1692 se
820 1642 913 1712 posse
931 1621 1037 1690 minus
1055 1621 1087 1690 vi
1105 1640 1235 1709 poscere
1253 1640 1379 1712 poenas,

495 1746 612 1817 Nititur
631 1746 689 1816 hae
707 1755 842 1826 tantum,
863 1765 942 1836 quae
961 1765 1030 1816 sors
1048 1754 1152 1816 manet
1172 1747 1268 1816 altera
1287 1745 1415 1816 fraudis.

945 2105 1036 2170 XCIV

496 2368 627 2457 Iamque
645 2365 730 2436 dolet
748 2366 836 2450 iaeti;
857 2388 937 2457 quae
956 2377 1092 2459 ceperat,
1112 2389 1199 2438 arma
1217 2378 1376 2451 retractat,

494 2493 600 2583 Atque
619 2502 707 2583 mgat
725 2514 837 2584 paoem
856 2495 958 2585 gentis
976 2495 1156 2566 moderator
1175 2495 1312 2586 iniquae.

494 2617 559 2688 Nee
577 2618 677 2688 Lusus
696 2639 732 2689 ea
751 2640 826 2689 cura
847 2618 931 2689 subit
950 2618 1033 2710 quod
1052 2628 1134 2690 teota
1153 2618 1260 2690 doloso
1331 2692 1332 2695 ,

493 2744 628 2815 Nomine
645 2765 707 2836 pax
725 2746 842 2826 veniat,
863 2743 1020 2836 lateatque
1038 2746 1071 2813 in
1089 2745 1213 2815 loedere
1231 2744 1361 2815 bellum.

493 2871 616 2961 Qqupe
633 2879 759 2961 optatus
779 2871 865 2941 adest
884 2873 1059 2961 promissus
1077 2879 1108 2940 et
1127 2879 1197 2942 ante
1215 2871 1378 2962 magister,

493 2993 622 3084 Obtegit
642 3003 744 3065 astuto
762 2995 864 3063 varias
883 2995 936 3084 qui
955 3003 1083 3086 pectore
1101 2994 1239 3075 fraudes,

494 3118 643 3190 Foederis
662 3120 814 3190 indicium
833 3121 912 3189 loret
930 3129 976 3200 ut,
996 3121 1173 3211 pignusque
1192 3120 1304 3204 buturi;

493 3241 561 3312 Hae
579 3243 683 3332 specie
701 3252 819 3313 oertam
838 3243 1022 3333 clademque
1040 3263 1213 3334 neoemqre
1231 3254 1365 3335 pararet.

951 3601 1030 3665 xcv

492 3863 565 3933 Dur
582 3871 699 3944 tamen,
720 3863 877 3953 indeptam
896 3884 990 3954 quem
1005 3864 1071 3954 jam
1090 3863 1243 3936 renovare
1260 3865 1393 3938 decebat

491 3989 630 4079 Neptuni
648 4009 706 4081 per
724 3997 871 4080 stagnum
889 3992 983 4071 viam,
1005 3991 1055 4060 eui
1074 3998 1160 4061 oerta
1177 3989 1322 4060 favebant
1475 3969 1478 3974 ¹

492 4113 659 4204 Tempora,
680 4114 731 4183 oui
750 4112 882 4203 plaoidis
900 4114 1078 4184 animabant
1096 4115 1192 4185 lintea
1210 4116 1294 4186 renti
1373 4136 1376 4144 ·

491 4238 643 4317 Flatibus,
663 4248 804 4331 optatrun
823 4259 885 4330 quo
904 4239 1029 4310 tandem
1047 4240 1216 4331 appelleret
1235 4237 1361 4322 Indum;

493 4363 632 4434 Comiter
650 4375 781 4456 excepto
800 4366 950 4455 navisque
967 4367 1099 4456 viaeque
1117 4366 1280 4455 magistre,

492 4488 554 4572 Qui
573 4488 669 4567 venit,
689 4488 816 4578 hospitii
835 4488 887 4557 dat
905 4508 1036 4559 munera
1055 4488 1139 4558 lauta
1156 4489 1302 4579 benigni;

492 4613 627 4683 Nuntius
646 4611 719 4680 inde
739 4612 869 4681 domum
888 4613 1028 4683 relerens
1047 4611 1193 4684 mandata
1212 4615 1378 4697 remissus;

492 4737 644 4810 Providus
662 4736 714 4806 ille
728 4736 819 4825 jubet
838 4737 932 4807 aeleri
951 4737 1027 4807 dare
1044 4737 1139 4808 lintea
1158 4747 1263 4808 vento,
