3384 5370
559 431 648 480 LIBER
671 433 829 483 SECUNDUS

673 659 722 752 mi

196 951 375 1030 Praeterea,
395 949 550 1041 siquidem
566 971 650 1021 uuue
668 951 707 1022 ad
726 973 780 1022 sue
799 952 904 1023 littora
920 956 1016 1034 verrit,

196 1074 355 1166 Quicquid
373 1073 466 1145 babet
484 1076 568 1146 Luso
586 1079 745 1164 generosis
762 1077 892 1148 vocibus
909 1077 1019 1161 obert3

195 1199 230 1268 Si
249 1201 321 1291 quis
340 1209 371 1270 et
389 1220 528 1272 annonae
547 1201 642 1272 iuerit
659 1201 807 1284 deiectus,
827 1203 950 1274 abunde

196 1324 357 1395 Promittit
375 1325 471 1414 gratis
488 1345 562 1396 mex
580 1345 648 1396 sese
667 1336 778 1396 cuneta
796 1327 960 1399 daturum:

195 1448 293 1518 Addit
311 1449 482 1520 Lusiadum
499 1447 559 1519 sibi
578 1450 703 1520 nemina
722 1451 844 1540 cognita
855 1439 953 1532 ieme,

196 1572 396 1661 Quamquam
415 1571 519 1660 ignota
537 1571 613 1642 oiim
632 1574 734 1656 iacies,
756 1582 849 1664 atque
868 1595 954 1646 erma
972 1575 1116 1659 iuissent;
1202 1618 1206 1626 ·

194 1694 376 1786 decepisse,
394 1695 463 1768 eliis
481 1695 638 1787 quondum
655 1698 837 1787 regionibus
855 1700 919 1769 aeri

194 1821 295 1890 Marte
314 1840 390 1892 suee
407 1819 514 1893 soiitos
531 1829 634 1892 seetee
651 1823 844 1894 contundere
862 1831 997 1914 gentem.

660 2181 719 2244 Clii

195 2441 327 2532 insuper
344 2449 376 2512 et
394 2440 504 2530 libycis
522 2441 672 2512 eelebreri
692 2443 802 2512 martia
819 2444 925 2532 regnis

195 2567 290 2636 Ferte
307 2568 428 2649 virdm;
447 2565 528 2638 bello
545 2566 690 2656 egregios
707 2576 738 2638 et
755 2567 855 2638 Marte
873 2567 992 2638 iereees

194 2691 325 2770 Audire,
346 2690 556 2781 Hesperidum
575 2711 674 2781 quum
692 2711 789 2778 regne
807 2691 929 2762 declusa
948 2693 1067 2782 potenti
1193 2762 1199 2776 ,

195 2815 313 2886 Dextra
331 2815 450 2886 intrare
468 2815 587 2895 datum,
607 2824 792 2906 partemque
810 2814 933 2886 euierre
951 2835 1108 2886 eoronam.

195 2940 354 3011 Laudibus
372 2941 493 3011 eximiis
510 2941 577 3012 Rex
595 2941 656 3012 elta
674 2941 712 3012 ed
731 2940 833 3012 sidera
852 2941 932 3010 tollit

194 3065 344 3144 Plurima,
364 3085 445 3156 quae
463 3067 547 3136 Luso
565 3065 645 3136 iectu
662 3065 808 3136 ilieudete
827 3065 984 3147 videntur,

193 3189 260 3260 Nee
278 3190 383 3260 minus
400 3190 462 3272 iiia,
484 3191 599 3280 quibus
615 3192 706 3260 velox
725 3189 806 3260 fama
824 3189 937 3260 imbuit
955 3209 1057 3260 aures,

194 3313 251 3384 His
268 3313 396 3382 tandem
413 3321 501 3404 grate
520 3313 686 3404 respondet
704 3321 831 3404 pectere
849 3314 960 3384 Gema:

656 3671 717 3734 CIV

194 3931 222 4001 0
239 3942 274 4004 tu
294 3933 349 4023 qui
367 3932 452 4004 solus
468 3935 634 4004 miseratus
652 3933 745 4004 eorde
764 3933 896 4015 iabores,

193 4057 259 4128 Rex
276 4057 425 4142 humane,
444 4057 508 4148 pio,
528 4058 612 4147 genti
631 4057 740 4128 solatia
756 4058 889 4148 praebes

193 4182 353 4263 Lusiame,
373 4182 466 4252 terris
484 4181 675 4286 quemdum
693 4191 816 4252 exercet
831 4189 965 4273 egestas,

192 4307 280 4392 Quae
298 4308 394 4378 maris
411 4307 509 4377 insani
527 4306 617 4378 iuriis
631 4307 766 4397 jactetur
784 4309 907 4400 iniquis,

191 4431 220 4500 A
239 4436 392 4522 superem
409 4441 512 4522 patre,
533 4433 587 4524 qui
606 4441 717 4513 metee,
739 4436 793 4524 qui
813 4435 962 4524 temporis
980 4453 1110 4524 expers,

193 4555 253 4640 Qui
273 4555 334 4626 ciet
350 4557 382 4626 iu
402 4577 496 4647 gyros
514 4558 831 4648 eoelum,.terresque
849 4556 1013 4648 gubemet,

191 4681 256 4752 Nos
274 4682 421 4772 quoniam
439 4689 525 4752 tauto
542 4681 682 4772 dignaris
700 4701 842 4764 munere,
862 4681 970 4772 dignes

191 4802 346 4894 Accipias,
365 4805 476 4895 quales
493 4823 555 4876 neu
573 4825 701 4895 possum
719 4804 864 4884 reddere,
884 4813 998 4895 gretes.
