3406 5378
943 493 1096 542 tustanus

961 751 1088 814 Clllllll·

524 1011 641 1103 Aspice
661 1013 874 1103 praelongam,
895 1010 1055 1120 Champae
1074 1033 1155 1102 quae
1175 1012 1301 1092 dieitur,
1321 1033 1421 1094 oram,

524 1135 623 1228 Crrjus
640 1137 771 1208 odorato
786 1135 906 1227 jactant
926 1157 961 1206 se
981 1137 1086 1227 stipite
1106 1137 1187 1208 luci:

522 1259 639 1351 Aspice
658 1271 693 1332 ut
711 1259 839 1330 obscuri
859 1280 895 1330 se
913 1258 1122 1332 Cauelaieltiua
1141 1259 1289 1330 recondat

522 1385 673 1464 Nominis,
689 1383 880 1474 dinamique
899 1385 987 1456 sinus
1005 1404 1078 1454 mox
1098 1404 1192 1456 cerno
1210 1383 1359 1456 latentes:

523 1508 670 1578 Sinerem
689 1508 860 1598 imperium
876 1507 940 1578 latta
958 1507 1008 1578 hle
1027 1507 1237 1598 protenditur,
1257 1509 1368 1598 ingens

522 1634 693 1704 Terrarum
712 1633 834 1723 spatiis,
855 1631 1033 1722 opibusque
1053 1631 1224 1722 ingennus,
1243 1631 1326 1702 ultrd

524 1755 661 1828 Credere
680 1761 775 1848 quam
793 1757 894 1847 possit
912 1757 1095 1848 quisquam:
1116 1755 1178 1826 latta
1195 1765 1329 1845 occupat
1347 1775 1457 1846 usque,

523 1881 564 1950 Et
583 1889 684 1951 metas
701 1879 824 1961 Caneri,
845 1889 877 1950 et
896 1880 1039 1970 frigentis
1057 1879 1181 1970 cognita
1199 1879 1312 1950 Zonae.

964 2239 1071 2302 cxxx

523 2499 566 2570 lt
584 2521 666 2570 nuno
685 2503 886 2584 immensum,
906 2503 961 2592 qui
979 2501 1091 2572 dividit
1109 2501 1221 2592 inelyte
1240 2521 1336 2592 regna

524 2625 583 2694 llio
602 2623 675 2705 duo,
696 2625 780 2695 mole
798 2631 856 2696 sut
873 2625 1063 2706 mirandum,
1084 2627 1230 2717 oonspine
1247 2646 1388 2708 murum,
1457 2679 1459 2682 -

523 2747 758 2840 Argumentum
777 2750 900 2841 ingens,
921 2751 1112 2840 signumque
1132 2749 1268 2830 illustre,
1288 2749 1440 2842 superbas

523 2873 613 2956 Quod
633 2893 746 2964 regom
765 2882 899 2944 testatur
917 2893 1005 2964 opes,
1025 2873 1231 2966 dextramque
1250 2881 1424 2966 potentem.
1497 2891 1501 2900 ·

522 2995 591 3066 Non
609 3005 696 3067 tenet
714 2998 883 3088 imperium
901 2997 1039 3068 defuncti
1058 2998 1144 3088 regia
1162 2998 1280 3088 proles,
1334 3089 1336 3094 Ι

521 3121 619 3210 Eligit
636 3131 668 3192 at
686 3141 796 3214 regem
814 3123 961 3214 populus,
981 3142 1152 3213 regemque
1169 3121 1289 3192 salutat

522 3246 614 3316 lllum
632 3247 696 3337 qui,
718 3248 830 3330 clariss,
850 3247 1008 3338 probitate
1028 3257 1059 3318 et
1078 3247 1195 3320 robore
1212 3248 1337 3328 mentis,

522 3369 721 3461 Virtuteque,
742 3372 827 3440 viros
844 3371 922 3442 alios
939 3371 1155 3462 supereminet
1173 3391 1292 3442 omnes.
1341 3469 1345 3478 Ι

959 3729 1075 3792 Clllllll

498 4061 502 4068 ,
524 3992 600 4061 Pars
619 3990 741 4061 telluris
760 3989 862 4060 adhue
880 3989 937 4060 tibi
954 4010 1069 4082 magna
1087 3993 1246 4082 incognita
1264 3999 1372 4072 restat,

523 4116 584 4187 Sed
603 4117 707 4186 veniet
726 4125 931 4207 tempusque
949 4115 1040 4186 vohis
1058 4125 1123 4186 tota
1140 4116 1273 4207 patebit:

522 4240 564 4311 At
582 4261 644 4310 non
661 4248 693 4309 te
711 4239 808 4330 lugiat
826 4259 908 4329 quae
926 4249 1014 4310 vasto
1033 4240 1167 4331 plurima
1185 4248 1291 4332 ponto,

522 4365 626 4436 Insula
644 4372 773 4436 naturae
790 4363 882 4437 donis
900 4363 1042 4457 lamaque
1061 4365 1195 4436 renidet.

524 4491 608 4561 Haec
625 4488 729 4562 media
748 4507 829 4579 quaa
848 4497 936 4579 parte
954 4489 1041 4568 latet,
1061 4488 1228 4582 mediaque
1247 4490 1378 4572 retueet,

523 4614 550 4684 E
569 4613 700 4703 regione
717 4611 822 4696 Simo,
840 4613 962 4686 ratibus
980 4633 1060 4704 guae
1079 4633 1114 4684 se
1132 4613 1204 4685 inde
1222 4613 1371 4705 proiectis

524 4737 650 4826 Objioit,
670 4739 790 4827 argenti
808 4745 856 4808 est
873 4737 1002 4828 Japonia
1021 4737 1101 4808 loeta
1118 4737 1262 4820 metallis,

524 4864 626 4944 Quam
644 4859 747 4933 divina
765 4857 843 4930 lidos
860 4860 1006 4936 ltutrabit
1023 4860 1142 4935 lumine
1161 4882 1259 4935 sacro.
