3394 5372
903 505 1059 554 rssrnunr.

952 762 1004 824 xl*

482 1024 546 1095 Nos
561 1045 641 1115 quae
660 1025 846 1116 contigerint
863 1025 980 1095 uostris
998 1045 1082 1096 nuno
1099 1026 1208 1096 ordine
1225 1027 1328 1097 nautis

483 1147 670 1232 Omoemus,
690 1149 806 1220 seriem
826 1159 857 1219 et
877 1149 1029 1219 laetorum
1048 1159 1153 1220 mente
1172 1170 1352 1240 sequamur.

484 1273 657 1364 Postquam
674 1272 789 1344 blanda
808 1273 915 1344 Venus
933 1282 1101 1342 ventorum
1119 1275 1251 1345 adversa
1270 1277 1424 1366 repressit

483 1399 636 1478 Flamina,
656 1397 822 1468 turbineos
841 1406 872 1466 et
886 1398 995 1468 strauit
1013 1417 1122 1468 aurore
1139 1398 1269 1480 furores,

482 1523 569 1592 Eece
587 1530 675 1613 patet
693 1523 821 1592 tandem
839 1521 927 1592 laetis
944 1521 1093 1591 latissima
1111 1522 1214 1604 tellus,

483 1649 571 1732 Quae
591 1646 693 1717 luerat
711 1647 792 1716 votis
811 1654 895 1716 meta
913 1654 944 1716 et
963 1645 1176 1716 constantibus
1196 1648 1292 1728 ausis,

483 1770 624 1841 Credere
644 1771 695 1840 oui
715 1778 856 1840 statuunt
875 1770 996 1840 divinae
1015 1770 1136 1839 semina
1153 1770 1242 1860 legio,

436 1969 443 1981 ⁸
483 1894 523 1963 Et
543 1913 648 1963 rnores
665 1892 783 1963 interro
802 1913 907 1973 nevos
928 1915 1006 1962 nova
1027 1895 1136 1963 ‹tirora
1152 1895 1235 1984 jura.

949 2253 1013 2314 llll

483 2515 570 2604 Ergo
588 2535 686 2585 novae
706 2515 846 2584 utliouit
864 2514 1015 2604 paulatim
1034 2514 1189 2606 appellere
1207 2523 1319 2596 terrae,

484 2640 556 2710 llox
574 2640 773 2730 piscatorum
790 2641 951 2710 inveniunt
965 2641 1003 2710 ad
1021 2641 1125 2710 littora
1144 2641 1284 2731 cymbas,
1336 2665 1338 2667 ·

484 2763 545 2848 Qui
560 2761 667 2832 laoiles
684 2763 803 2832 nostris
822 2737 961 2834 Caleeuti
981 2765 1104 2833 moenia
1123 2731 1297 2834 monstrant

483 2885 594 2967 Urnis,
606 2887 660 2957 ubi
681 2907 792 2977 parvas
811 2886 905 2956 aedes
920 2887 1060 2957 habitare
1079 2886 1232 2958 solebant.
1282 2939 1286 2948 .

484 3009 561 3079 lllue
581 3011 726 3081 continno
744 3018 916 3101 properant
934 3011 1100 3082 advertere
1119 3033 1243 3102 proras

485 3135 571 3204 Haeo
590 3136 705 3206 etenim
725 3138 862 3228 reliquas
880 3137 964 3206 inter
981 3137 1188 3228 praestantior
1206 3137 1306 3208 urbes

484 3259 652 3332 Malabaris
673 3272 749 3342 erat,
769 3263 916 3353 princeps
934 3262 989 3332 ubi
1007 3263 1124 3352 degere
1141 3265 1238 3332 vitam

484 3385 542 3454 Est
562 3385 681 3467 solitus,
702 3387 791 3476 rugio
810 3406 906 3475 quern
925 3406 1036 3477 regom
1054 3395 1119 3456 tota
1138 3387 1260 3458 salutat.

936 3746 1014 3809 llVll
1076 3779 1079 3784 ·

485 4008 578 4080 Ultra
596 4007 718 4089 Indum,
738 4017 767 4079 et
788 4008 867 4078 citra
886 4008 1038 4079 ditissima
1051 4009 1179 4078 llumina
1198 4009 1324 4100 Gangis,

487 4131 661 4222 Porrigitur
675 4131 822 4222 spatium,
842 4141 1032 4224 vastumque
1051 4141 1082 4202 et
1099 4131 1205 4202 nobile
1224 4142 1327 4202 terrae
1334 4156 1342 4215 ;
1418 4117 1425 4126 ’

485 4255 554 4324 lloo
577 4275 665 4326 mare
684 4254 850 4346 complexu
873 4264 960 4325 tenet
982 4257 1050 4336 haio,
1070 4259 1132 4347 qua
1150 4257 1282 4346 respioit
1305 4255 1470 4341 Austrum}

486 4381 646 4451 Terminat
663 4381 805 4450 Emodus
824 4401 921 4451 cavus
939 4381 1009 4458 lade,
1030 4383 1093 4473 qu'a
1111 4389 1230 4472 spectat
1249 4383 1290 4452 ad
1308 4380 1437 4454 Arcton.

484 4504 619 4574 Diversa
637 4503 697 4574 hoo
715 4525 828 4595 regum
846 4505 1006 4574 variorum
1024 4514 1145 4595 sceptra
1164 4514 1319 4586 coercent,

485 4627 587 4718 Leges
605 4636 677 4697 sunt
695 4627 799 4697 variae
816 4628 957 4718 populis;
977 4648 1050 4717 pars
1067 4649 1129 4698 una
1147 4627 1309 4726 Mahomae

486 4727 612 4833 Dedita;
633 4751 703 4820 fieta
722 4753 795 4822 nolit
813 4772 887 4842 pars
906 4751 1002 4821 altera
1022 4753 1149 4822 numina
1169 4753 1293 4833 divinum

485 4874 594 4946 Altera
614 4875 775 4946 constituit
795 4876 888 4946 variis
905 4875 1012 4946 altaria
1032 4877 1195 4948 monstris:
