3394 5372
921 471 1077 518 restituti:

942 728 1057 790 XXXssl

503 991 650 1062 Attamen
667 992 725 1062 has
743 989 888 1062 limbum
906 1011 1005 1082 quum
1022 997 1119 1080 ponto
1136 990 1220 1060 veuit
1237 991 1278 1060 ed
1295 1010 1369 1060 oras

502 1116 618 1193 Turba,
638 1137 715 1187 suos
733 1117 838 1208 coepit
852 1117 955 1186 varios
972 1117 1125 1186 inducere
1145 1115 1247 1185 solers
1301 1101 1306 1108 ’
1355 1149 1364 1166 ·

501 1241 619 1323 110101,
640 1249 671 1312 01
691 1262 801 1312 sacros
821 1241 912 1320 ritus,
933 1240 1102 1332 legemque
1120 1239 1295 1321 1101100100,

502 1364 606 1447 Quam
625 1385 757 1457 sequor,
778 1374 810 1435 et
828 1384 965 1454 puerum
984 1383 1079 1454 quam
1097 1385 1149 1434 me
1167 1367 1304 1434 docuere
1323 1371 1480 1453 parentes:

501 1487 653 1578 lucoque
673 1507 749 1559 suae
767 1489 924 1559 hortando
942 1498 1075 1579 potuere
1095 1488 1242 1559 addicere
1262 1495 1367 1558 sectae

503 1615 672 1684 Rectorem
692 1614 808 1705 gomis,
829 1613 913 1684 docti
931 1613 1104 1705 verbisque
1118 1613 1242 1684 diserti:

501 1739 581 1820 Rex,
601 1759 716 1829 magno
735 1740 813 1830 legis
830 1739 1010 1810 flammatus
1029 1748 1158 1830 pectora
1177 1759 1294 1821 rmore,

501 1861 543 1932 Et
561 1861 621 1950 legi
642 1863 754 1932 olveti
775 1871 875 1933 totum
894 1883 928 1932 se
947 1865 1081 1934 devovet
1099 1864 1194 1934 ultm.

934 2222 1051 2284 XXXH'

500 2482 587 2573 Ergo
605 2491 696 2573 peret
714 2503 825 2564 naves,
845 2503 970 2554 merces
988 2485 1077 2576 queis
1094 2484 1247 2574 providus
1264 2485 1369 2566 infert,

501 2608 631 2678 lluuera
650 2607 744 2697 digua
762 2607 849 2698 legit,
868 2627 1061 2702 cursumque
1080 2609 1120 2680 ad
1139 2609 1246 2679 littora
1265 2610 1367 2679 tendit

502 2733 590 2803 Votis
609 2731 663 2804 uhi
682 2731 787 2825 legem
805 2733 858 2824 qui
877 2733 1007 2824 protulit
1025 2753 1095 2804 ossa
1114 2740 1275 2822 tegimur,

502 2859 572 2942 Qud
592 2865 680 2932 sacre
698 2861 823 2953 superis
841 2879 876 2928 se
896 2857 1060 2947 relligione
1079 2857 1218 2926 dicaret:

500 2981 582 3052 Ante
601 2985 659 3052 sed
677 2981 950 3082 imperium'quod
968 2988 1108 3061 rexerat,
1123 2980 1205 3050 inter
1223 2979 1341 3049 amicos

500 3105 619 3178 Dividit
639 3109 707 3199 ipse
726 3130 812 3189 suos,
834 3126 893 3176 nec
911 3107 995 3176 euim
1013 3104 1074 3175 sibi
1093 3105 1232 3196 suppetit
1251 3103 1376 3174 haeres:

500 3230 554 3300 Sic
572 3251 590 3300 e
607 3233 800 3323 pauperibus
820 3231 920 3321 rogali
938 3250 1069 3300 munere
1087 3229 1170 3298 dites

500 3353 658 3436 Reddidit,
677 3377 694 3428 e
714 3356 815 3426 servis
835 3355 990 3434 dominos,
1011 3373 1185 3444 rerumque
1203 3361 1362 3443 potentes

943 3713 1048 3776 XXXV

500 3977 582 4047 Huic
601 3979 654 4048 det
672 3975 840 4048 Cooiuum:
862 3975 1058 4047 Cauanorem
1076 3978 1171 4045 donat
1190 3984 1221 4045 at
1239 3975 1294 4055 illi,

500 4102 582 4172 Huic
600 4100 708 4181 Chele,
727 4101 801 4171 huic
817 4101 938 4192 Piperis
955 4108 1040 4170 sorte
1059 4100 1171 4190 obtigit
1190 4100 1306 4182 lusula,
1327 4100 1424 4170 sumit

498 4226 587 4296 Alter
604 4224 792 4306 Coulemun,
812 4233 897 4296 tenet
914 4225 964 4294 hic
983 4223 1200 4314 Crangmoro,
1220 4243 1347 4314 semper

498 4351 597 4421 Prout
613 4349 752 4440 praelort
769 4349 846 4418 alios
865 4349 934 4418 aliis
953 4348 1117 4419 dulcedine
1136 4349 1263 4418 amoris.

498 4476 604 4559 Quum
622 4475 665 4543 uil
685 4473 814 4544 donanti
832 4473 991 4562 reliquum
1009 4471 1102 4553 loret,
1120 4471 1230 4542 obtulit
1248 4471 1302 4542 olli

497 4601 539 4669 Se
557 4619 649 4689 puer,
671 4600 699 4668 is
718 4599 848 4688 reliquis
867 4598 951 4666 inter
969 4597 1174 4667 charissimus
1192 4617 1289 4666 unus:

497 4722 579 4792 Huic
597 4721 781 4792 Calecutum
799 4729 922 4791 tautum
936 4720 1002 4811 jam
1022 4722 1158 4812 denique
1176 4728 1286 4797 restat,

497 4847 656 4917 lloreibus
675 4854 707 4914 et
726 4847 810 4934 gazis
828 4845 905 4915 urbs
922 4845 1001 4915 haec
1018 4846 1173 4915 ditissime
1193 4845 1269 4915 eois.
