3384 5370
912 419 1065 466 adsuunt:

933 677 1047 738 LXXXl

494 941 587 1024 Quod
606 961 704 1029 genus
723 940 774 1009 hic
794 939 958 1010 hominurn
977 941 1079 1030 rigido
1098 949 1162 1009 tarn
1181 949 1317 1030 pectore.
1339 950 1423 1012 tanta

495 1064 645 1134 Barbarie
663 1085 789 1134 rnorurn
807 1037 1020 1154 delornrisque
1038 1065 1150 1134 indolis
1169 1065 1254 1144 estis

495 1190 540 1260 Ut
559 1197 680 1259 vestrae
694 1188 788 1259 nobis
806 1192 897 1258 sedes
916 1197 1090 1279 portusque
1109 1197 1265 1269 vetentur,

495 1314 700 1404 Hospitioque
719 1315 813 1384 etiarn
832 1316 935 1384 nudae
953 1315 1157 1400 excludamur
1176 1317 1313 1384 arenae?

496 1440 588 1522 Quod
606 1439 707 1508 scelus
725 1439 756 1507 in
775 1436 877 1518 nobis,
898 1458 979 1529 quae
998 1439 1138 1508 crinrinis
1155 1438 1291 1522 urnltrai
1310 1439 1445 1508 Timoris

496 1563 586 1646 Quae
604 1565 738 1631 consae?
756 1561 838 1632 Curn
858 1582 953 1652 parva
971 1563 1074 1630 virum
1094 1561 1185 1631 vehat
1203 1563 1327 1653 agmina
1347 1563 1464 1644 classis,

496 1687 562 1757 Cur
579 1688 707 1777 laqueos
725 1687 911 1778 fraudesque
930 1689 1064 1776 paranti
1077 1687 1144 1757 Cur
1162 1686 1292 1756 subdola
1311 1696 1440 1757 nectunt
1489 1707 1493 1716 ·

496 1811 650 1880 vinculat
668 1811 841 1881 Sollicitant
859 1832 916 1880 cur
935 1813 1016 1881 duro
1035 1812 1066 1880 in
1085 1812 1190 1881 littore
1209 1813 1353 1880 cladernl

927 2171 1054 2232 LXXXII

498 2433 545 2502 Tu
564 2441 716 2510 tantone,
736 2432 788 2508 cui
806 2439 892 2500 certa
910 2431 990 2501 lides
1007 2433 1039 2500 in
1058 2440 1188 2522 pectore
1207 2433 1281 2500 vivit

496 2556 645 2647 Egregie,
664 2556 826 2646 ingenium
846 2558 897 2625 cui
914 2557 991 2626 mite
1010 2577 1047 2626 ac
1065 2565 1179 2626 ruentis
1198 2555 1345 2628 honestae
1372 2555 1377 2574 “

496 2681 652 2772 Splendor
671 2665 761 2761 inest,
781 2681 871 2750 nobis
889 2681 1006 2772 praebe
1024 2701 1198 2771 generosus
1218 2682 1349 2770 asylum,

497 2807 555 2882 Par
573 2806 627 2886 rlli,
647 2804 778 2875 Alcinoo
798 2807 883 2895 quod
902 2807 995 2875 dante
1014 2806 1132 2875 invenit
1151 2805 1296 2896 Ulysses,

496 2930 530 2998 ln
549 2939 603 3000 tua
622 2930 799 3019 suscipiens
819 2929 983 2999 venientes
1002 2929 1108 2999 littora
1126 2929 1239 3013 lessus,

496 3055 655 3143 lnterpres
675 3055 783 3124 divinn
802 3074 902 3144 prono
917 3073 997 3144 quos
1013 3057 1117 3124 sidere
1137 3055 1239 3136 ducit;

496 3178 568 3261 Qui,
587 3180 672 3269 quod
692 3188 722 3246 te
740 3199 758 3248 e
776 3199 919 3258 numero,
939 3179 1005 3248 Rex
1023 3180 1151 3268 optime,
1172 3180 1282 3269 deligit
1300 3183 1395 3260 omni,

496 3303 539 3372 Te
559 3302 624 3372 lore
644 3303 806 3374 confirmat
825 3305 966 3374 sincerae
985 3305 1100 3373 nrentis
1120 3307 1265 3376 emicunt.

921 3645 1059 3707 LXXXlll

497 3911 562 3980 Nec
581 3919 615 3979 tu
634 3910 728 3978 crede
748 3910 861 3978 ducern
880 3918 1035 3989 nostruin,
1057 3909 1222 3979 lornridine
1241 3919 1372 3990 motuni,

496 4034 650 4124 Quodque
669 4035 758 4104 dolos
778 4036 885 4103 timeat
903 4042 1014 4103 cautus
1034 4033 1223 4123 fraudesque
1242 4041 1379 4114 tuorunr,

497 4157 688 4250 Diffidatque
706 4158 774 4240 tibi,
793 4168 915 4228 vestras
935 4161 1129 4230 descendere
1147 4159 1180 4226 in
1199 4178 1271 4226 oras

495 4285 595 4365 Nolle,
614 4293 707 4373 atque
726 4284 880 4374 obsequio
898 4293 1004 4352 tecurn
1023 4292 1145 4352 certare
1164 4282 1304 4372 gravari:

496 4409 613 4479 Contra
633 4417 715 4477 stare
733 4418 809 4498 puta
828 4409 924 4498 Regis
943 4408 1096 4488 nrandata,
1116 4415 1260 4476 tenemur

496 4534 585 4617 Quae
604 4532 720 4603 colere,
740 4541 772 4600 ct
790 4553 891 4622 prono
914 4531 1052 4601 venerari
1071 4533 1177 4611 corde,
1197 4531 1343 4599 vetantis.

497 4657 543 4726 Ne
563 4657 621 4725 sibi
642 4658 842 4726 connnissarn
861 4674 1060 4745 quocumque
1078 4655 1109 4722 in
1129 4656 1233 4726 littore
1252 4656 1397 4734 classen,

499 4781 529 4848 ln
549 4789 666 4849 terrain
686 4781 865 4868 egrediens.
888 4789 991 4868 spreta
1012 4779 1155 4846 atritione.
1177 4781 1342 4869 relinquat.
