3406 5378
928 485 1082 532 ursmnnr.
1167 539 1171 548 ‚

963 741 1048 804 LXlll

508 1002 584 1073 lude
604 1011 657 1072 tuo
676 1003 836 1094 Stephano
856 1005 946 1094 regni
966 1003 1127 1074 tradentur
1145 1004 1283 1076 habenae

508 1125 665 1216 Subjecti:
686 1127 752 1217 ipse
772 1125 829 1196 tibi
848 1127 1011 1197 succedet:
1032 1129 1165 1198 senserit
1184 1129 1273 1198 illmn

508 1249 711 1320 Horrendum
730 1250 813 1320 bello
831 1250 911 1320 dure
931 1252 1059 1341 punitus
1078 1252 1109 1321 in
1129 1252 1222 1322 undis
1352 1301 1355 1306 -

507 1373 662 1443 Brasilicis
680 1395 792 1465 nuper,
813 1373 913 1464 gallus
931 1375 1082 1464 piraticus
1101 1375 1209 1446 bustis.

507 1499 580 1592 blqr
598 1499 700 1590 pelagi
719 1499 796 1569 lusis
814 1499 991 1590 praefectus
1009 1500 1160 1572 classibus
1179 1502 1243 1571 indi

507 1624 630 1694 Maenia
649 1625 780 1694 Damani
799 1646 914 1716 magno
931 1625 1094 1696 molimine
1111 1625 1220 1696 adorta

506 1750 632 1830 Diruet,
654 1769 689 1820 ac
707 1751 830 1840 primus
848 1759 955 1840 portas
973 1751 1099 1821 intrabit
1118 1751 1243 1831 abenas,

507 1873 657 1944 Delensas
675 1874 789 1945 lrustra
808 1876 983 1966 temnentis,
1004 1878 1087 1967 igne,
1108 1876 1244 1968 sagittis..

956 2235 1045 2296 LXIV

505 2494 586 2564 Huic
605 2515 659 2564 rex
678 2493 855 2585 Cambajae,
876 2515 939 2586 quo
958 2516 1019 2566 non
1038 2497 1200 2568 audentior
1218 2497 1308 2580 alter,

503 2617 611 2689 Diensi
628 2620 661 2688 in
679 2627 780 2690 tractu
798 2622 958 2710 permittet
976 2622 1111 2692 condere
1130 2632 1280 2704 castrum,

503 2743 663 2833 blugcrem
681 2755 717 2815 ut
735 2753 854 2826 centra,
875 2746 987 2816 turmis
1005 2747 1180 2838 opibusque
1197 2757 1370 2839 petentem,

503 2866 644 2937 Praestet
662 2888 765 2958 opem,
786 2870 884 2959 pessit
902 2891 962 2960 qna
982 2869 1106 2940 subdita
1126 2892 1222 2962 regna
1240 2882 1358 2942 tenere.

504 2990 644 3070 Pectore,
664 2999 746 3081 post,
765 2991 857 3061 firmo
876 3001 1008 3084 pugnat,
1028 2991 1153 3084 latoque
1173 2994 1293 3064 latente

503 3113 703 3204 Progressus
723 3115 872 3185 facietne
891 3135 946 3185 rex
966 3125 1060 3206 queat
1078 3118 1221 3188 ethnicus
1238 3118 1320 3189 ultra

504 3237 553 3308 lre
571 3237 769 3321 Calecutum;
789 3239 886 3309 multo
905 3261 1000 3331 quem
1018 3242 1117 3311 milite
1136 3241 1248 3312 lortem

503 3363 603 3452 Terga
622 3361 708 3442 dare,
729 3364 829 3432 ellusu
848 3385 1051 3455 conspersum
1065 3367 1232 3456 surguine,
1253 3375 1354 3458 cuget.

958 3725 1035 3786 LXV

504 3984 655 4074 Repellim
673 3985 826 4066 excludet,
847 4006 977 4056 saevum
996 4007 1167 4079 regemque
1185 3987 1304 4079 iugabit

500 4108 601 4188 Urbe,
622 4131 658 4180 ac
676 4109 828 4181 bellantes
845 4111 949 4180 vincet
968 4111 1138 4203 fundetque
1157 4113 1341 4204 phalanges:

502 4232 666 4303 Camerina
685 4236 780 4305 maris
799 4255 895 4324 rupes
913 4255 992 4325 quae
1011 4239 1141 4326 respicit
1159 4237 1258 4307 undas

500 4359 660 4449 Spectabit
679 4381 811 4451 pugnas,
834 4368 865 4430 et
884 4381 1014 4450 magnus
1033 4360 1116 4432 illius
1135 4383 1239 4432 ausus.

500 4486 593 4555 Vires
610 4495 641 4555 et
661 4485 792 4556 classem
809 4487 966 4556 Zamurini
986 4488 1148 4578 principis,
1168 4487 1255 4559 urbis

500 4609 596 4692 Queis
614 4630 648 4680 se
665 4631 758 4702 pesse
777 4620 865 4701 putat
884 4620 1009 4681 cunctas
1028 4612 1210 4683 exscindere
1228 4623 1347 4703 gentes,

500 4733 647 4822 Franget‚
669 4735 731 4804 dux
752 4736 848 4814 lusus,
869 4735 1016 4825 ferreque
1036 4736 1161 4826 ignique
1178 4737 1352 4807 timendus:

499 4857 539 4925 Et
558 4856 688 4926 Beuilalla
708 4869 822 4946 gemel,
843 4860 893 4928 cui
912 4859 993 4929 bella
1012 4859 1167 4930 horrenda
1186 4861 1354 4932 nocebunt.
