3394 5372
583 469 674 517 trena
691 467 824 526 noturus·

679 727 730 790 XC

204 985 336 1056 Attoniti
354 985 475 1056 stabant
493 986 623 1056 arrectis
640 986 770 1058 auribus
788 1007 907 1066 omnes,

202 1110 446 1202 Pendebautque
464 1109 553 1181 dunis
570 1109 702 1180 laoundo
721 1131 759 1180 ex
777 1131 832 1180 ore
850 1111 1017 1203 loquentis,

202 1235 284 1306 eum
301 1237 415 1307 seriem
434 1235 527 1328 longo
545 1235 714 1306 deductam
732 1256 771 1306 ex
788 1237 898 1308 ordine
916 1257 1025 1306 rerum

203 1361 375 1431 Tantarum
393 1361 535 1442 absolvit,
556 1360 700 1452 laetoque
718 1361 769 1432 hio
787 1360 849 1431 fine
868 1362 997 1452 quievit.

202 1483 315 1554 Martia
332 1485 468 1555 miratur
485 1489 630 1555 nostrum
648 1484 716 1556 Rex
735 1485 828 1556 oorda
846 1486 999 1566 virorum,

203 1609 244 1679 Et
262 1629 388 1700 rogum,
410 1630 546 1701 quorum
565 1609 735 1681 clarissima
755 1611 854 1702 gloria
871 1610 985 1702 fulgen

203 1732 333 1803 Extollit
352 1734 466 1804 claram
484 1735 600 1805 virtute
619 1735 783 1805 etrobore
801 1742 944 1826 gentem3

203 1857 259 1928 llla
277 1856 355 1928 lidos
374 1861 468 1928 animi
486 1859 597 1950 placet,
618 1869 649 1928 et
667 1879 820 1949 generosa
838 1879 990 1950 propago.

661 2216 724 2280 xci

203 2481 335 2552 Miratur
352 2482 466 2572 vulgus
484 2501 591 2552 seoum
610 2480 823 2572 pulcherrima
842 2483 933 2562 lanta,

201 2607 406 2698 Eventusque
422 2611 524 2698 magis
542 2615 697 2678 memorat
716 2626 931 2698 quosoumquo
950 2608 1079 2688 notavit,

201 2730 267 2801 Neo
285 2740 395 2820 stupor
412 2730 479 2821 ipso
498 2731 606 2801 oeulos
624 2732 698 2801 sinit
718 2731 768 2800 illa
786 2737 930 2803 avertere
948 2739 1053 2820 geute,

202 2855 290 2940 Quae
307 2856 402 2946 longo
419 2859 520 2947 potuit
539 2857 636 2926 maria
654 2857 758 2928 omnia
778 2874 907 2950 currere
918 2855 1020 2925 lleru.

202 2979 311 3050 Delius
329 2988 360 3050 at
374 2979 498 3071 juvenis
516 3001 629 3050 ourrus
648 2979 820 3072 torquebat
833 2978 980 3060 habenas,

200 3105 286 3191 Quas
303 3105 385 3176 male
403 3107 579 3197 Lampeties
598 3108 741 3176 tractavit
759 3105 791 3174 in
809 3109 881 3176 atro
898 3103 1005 3184 lrater,

154 3223 160 3236 '
201 3227 337 3312 Quaerat
355 3237 390 3298 tt
408 3229 571 3320 amplexus
589 3229 738 3310 Thetidis,
759 3229 958 3319 thalamoque
977 3226 1157 3298 recumbat:

200 3352 268 3422 Rex
286 3352 382 3423 subiit¹
400 3353 511 3443 pelago
529 3352 654 3442 pallatio
671 3373 795 3424 summa
814 3353 933 3422 relicto.

660 3711 734 3774 >lull

199 3977 228 4047 0
247 3979 343 4068 qutm
361 3976 453 4048 duloe
472 3977 569 4047 deous
586 3974 698 4056 laudis,
718 3975 881 4064 famaeque
900 3974 1053 4064 voluptas,

198 4099 303 4184 Quam
320 4101 446 4190 pariunt
464 4101 586 4190 maguis
605 4101 770 4190 praeconia
789 4097 894 4167 debita
913 4097 1014 4166 laetisl

199 4222 331 4315 Appetit
349 4225 496 4315 egregius
515 4224 660 4317 quisque,
682 4231 735 4294 aut
754 4222 974 4298 transcendero
993 4240 1107 4290 nomeu

199 4349 341 4418 Heroum
358 4357 514 4430 veterum,
534 4358 588 4420 aut
606 4349 722 4419 lamam
740 4365 915 4438 exaequare
932 4344 1099 4416 merendo:

198 4473 342 4545 Heroum
360 4482 492 4565 prosunt
509 4483 712 4546 monumenta
731 4473 865 4542 illustria
883 4471 1021 4542 multis:'

198 4598 316 4670 lnvidla
337 4600 478 4690 ingentes
495 4603 618 4671 animos
637 4599 807 4670 accendere
825 4598 934 4668 Martis

198 4722 273 4814 lgna
292 4724 385 4806 solet;
407 4727 540 4816 sumptis
559 4727 613 4814 qui
632 4723 763 4815 grandia
781 4730 883 4814 patrat
902 4721 933 4789 in
952 4720 1059 4800 armis

130 4863 141 4896 ⁸
197 4847 280 4916 Huio
298 4849 443 4918 stimulos
460 4848 609 4919 adhibent
625 4847 745 4918 alienae
764 4847 895 4937 insignia
914 4844 1023 4914 laudis

269 4961 294 5000 Η.
