3384 5372
932 487 1090 536 Liuianae:

963 745 1067 810 LXXV

514 1013 606 1083 Nuuo
625 1011 731 1102 igitur.
751 1010 775 1079 si
796 1019 904 1080 nostra
924 1009 990 1090 ubi,
1009 1029 1029 1078 o
1048 1009 1115 1078 Rex
1134 1027 1259 1098 magne.
1279 1009 1432 1099 probatur

514 1137 559 1209 Ut
577 1137 699 1206 sincera
719 1133 810 1216 uuas,
832 1135 958 1226 qualem
978 1143 1013 1204 tu
1033 1135 1167 1204 eredere
1186 1134 1295 1213 debes,

513 1264 561 1334 Ne
580 1282 637 1332 uos
656 1263 793 1331 iuoertos
811 1269 930 1335 teneas,
951 1261 1143 1350 timidusque
1161 1261 1307 1335 moreris,

514 1388 580 1458 Neo
599 1390 726 1457 tardare
746 1387 824 1456 reiis
843 1387 966 1455 reditus
984 1386 1060 1454 mihi
1082 1386 1197 1476 gaudia
1216 1386 1308 1456 laeti:

514 1514 608 1598 Quod
627 1513 654 1582 si
674 1511 778 1582 eredis
796 1511 899 1582 adhue
917 1531 969 1580 me
988 1511 1208 1580 somniatum
1227 1512 1359 1593 referre,

514 1637 697 1708 Verborum
715 1656 817 1718 seusa,
838 1643 869 1706 et
890 1636 1048 1706 rationum
1066 1637 1209 1727 pondera
1229 1637 1317 1716 libra,

514 1762 603 1846 Quae
622 1769 775 1855 conatam,
795 1761 962 1852 animoque
980 1769 1090 1852 patent
1109 1761 1232 1853 objecta
1250 1762 1362 1852 sagaci,

514 1887 596 1957 Nam
615 1886 704 1958 tacite
724 1896 774 1956 est
793 1887 891 1956 menti
912 1887 1021 1992 solerti
1040 1906 1173 1956 uoseere
1193 1907 1316 1956 rerum.

952 2247 1069 2310 Lxxtu

515 2511 601 2582 Haeo
618 2512 714 2580 morit
735 2511 863 2580 tantiam
883 2531 992 2601 regem
1011 2511 1125 2581 fiducia
1145 2511 1277 2594 Gamae;

515 2639 646 2708 Miratur
665 2637 813 2728 princeps
832 2657 927 2728 quam
948 2640 1043 2728 digua
1062 2648 1172 2708 uuuota
1191 2638 1348 2730 loquatur,

514 2765 625 2855 Deque
645 2763 697 2833 iiio
715 2772 815 2833 mutat
834 2774 984 2834 mentem.
1001 2764 1066 2853 J'am
1086 2766 1234 2856 nullaque
1255 2775 1352 2835 restat

514 2888 665 2980 Suspicio
682 2888 749 2980 jam
768 2909 843 2958 rera
863 2897 952 2980 putat
973 2909 1054 2980 quae
1075 2899 1276 2980 prompserat
1295 2891 1356 2960 ilie.

514 3015 671 3084 Perviuoit
691 3014 824 3084 dubium
843 3015 953 3085 dootae
973 3014 1117 3086 facundia
1136 3017 1272 3108 linguae,

513 3141 657 3229 Maiestas
677 3139 793 3220 ruitur,
813 3140 924 3210 firmae
943 3143 1117 3212 coustantio
1136 3142 1265 3224 meatim

513 3265 623 3353 iueipit
642 3264 755 3334 infidos
774 3267 913 3336 camales
934 3287 1002 3336 esse
1021 3275 1142 3358 putare.

513 3389 750 3480 Corruptosque
770 3389 856 3458 ridet
874 3391 966 3460 Lusis
986 3392 1121 3462 voluisse
1142 3413 1268 3462 nocere.

943 3753 1071 3816 uxum

511 4018 594 4103 Quia
614 4017 709 4087 etiam
729 4017 841 4087 suadet
860 4017 940 4087 tueri
958 4037 1076 4086 resana
1096 4016 1211 4108 cupido

510 4141 669 4235 (Namque
689 4143 813 4232 plaoeut
832 4141 875 4210 iiii
896 4144 985 4212 lusae
1005 4143 1193 4212 commercia
1211 4143 1331 4234 gentis)

510 4266 609 4338 Dictis
626 4276 662 4337 ut
681 4269 775 4337 oedat
795 4267 922 4347 Gamae‚
943 4287 1024 4357 quae
1044 4266 1105 4337 fida
1124 4268 1281 4339 videntur.

510 4393 626 4484 Sioque
645 4393 733 4462 dolos
754 4394 883 4462 demum
901 4413 1030 4463 mauras
1049 4393 1239 4485 fraudesque
1260 4393 1394 4484 repellit.

513 4517 647 4586 Dimittit
666 4517 799 4588 Gamam
819 4538 901 4600 mox,
922 4520 1140 4609 permittitque
1162 4519 1267 4588 redire

510 4642 657 4713 Protinus
676 4645 715 4712 ad
735 4643 878 4725 classem,
898 4644 1000 4713 omnis
1018 4664 1232 4734 securumque
1251 4644 1360 4735 pericii

510 4768 662 4838 Hortatur
681 4788 897 4860 quascumque
916 4769 992 4838 uelit
1011 4772 1201 4860 depromere
1220 4789 1345 4840 meroes

510 4891 659 4973 NaribuS,
680 4902 711 4961 et
730 4894 839 4982 patriis
858 4903 981 4963 mutare
1002 4903 1033 4963 et
1052 4895 1192 4964 vendere
1214 4895 1284 4964 rite.
