3384 5372
591 456 679 504 11111111
698 457 832 506 DEClblUS

648 713 769 776 XXXVI

213 977 302 1060 Quae
320 975 496 1047 Mirhoceni
516 976 611 1044 lortes
633 978 800 1046 temeraria
819 977 928 1046 classis

212 1098 372 1190 eggressu
390 1099 516 1170 audebit
534 1119 704 1190 provocare
724 1099 762 1170 ad
780 1101 898 1190 praelia
917 1101 1028 1182 Lasos,

212 1225 283 1296 Non
302 1226 363 1295 erit
380 1225 413 1294 in
431 1225 502 1320 talis
520 1245 644 1316 pugnae
662 1225 781 1295 felicior
799 1245 886 1296 auso.

212 1349 297 1434 Quot
317 1359 391 1421 tunc
411 1351 443 1419 in
461 1351 572 1440 pelago
591 1349 758 1420 lluitabunt
776 1350 914 1432 brachia,
937 1353 1046 1421 crura!

212 1474 368 1544 Tristibus
387 1475 507 1544 irarum
525 1474 672 1555 stimulis,
692 1495 849 1566 coenoque
868 1475 985 1556 lurore,

212 1599 295 1682 Quot
311 1598 428 1688 jacient
445 1598 519 1667 Lusi
539 1618 602 1668 non
622 1599 710 1668 irrita
729 1599 859 1668 lulmina
876 1599 908 1668 in
926 1599 1045 1669 hostes!

210 1723 252 1792 Et
270 1723 363 1792 simul
382 1732 413 1793 et
431 1724 550 1813 pariter
567 1724 732 1794 terrebunt
750 1724 868 1794 lumina
886 1733 917 1794 et
935 1745 1028 1794 aures

212 1846 398 1917 Horrendus
417 1847 544 1927 clamor,
566 1849 712 1937 gemitus,
732 1847 883 1928 incendia,
904 1849 1018 1919 11111111.
1085 1847 1089 1858 ’

637 2205 770 2268 xxxvl

209 2466 273 2536 Sed
290 2475 455 2557 postquam
473 2468 565 2537 toties
583 2469 769 2558 pugnaverit
787 2489 924 2559 aequore
942 2472 1050 2552 victor,

208 2588 312 2659 Tantis
331 2591 527 2678 promeritis
546 2591 711 2662 redimitus
729 2601 869 2684 tempora
888 2593 989 2677 lauro,

208 2713 315 2796 Qumu
333 2713 440 2784 dulces
458 2717 575 2804 patrias
594 2715 747 2785 remeabit
765 2716 864 2786 laetus
884 2717 923 2786 ad
940 2738 1023 2800 orae,

208 2837 373 2928 Opprimet
390 2839 543 2909 invictum
561 2841 644 2910 bello
663 2842 841 2912 tristissima
859 2842 972 2913 clades.

207 2960 242 3030 ln
260 2983 347 3033 mare
364 2963 577 3054 procumbens
595 2985 702 3055 rupee,
722 2965 879 3035 horrenda
897 2967 1054 3057 procellis,

206 3086 311 3179 (Caesi
330 3088 500 3158 servabunt
519 3109 590 3159 cum
609 3110 742 3181 corpore
762 3090 866 3162 littora
883 3091 1011 3183 nomen)

207 3211 285 3282 Ossa
303 3213 362 3282 viri
381 3224 499 3294 cernet,
521 3214 625 3284 subito
643 3217 725 3286 male
744 3224 825 3286 tecta
844 3217 1000 3308 sepulcro,

206 3336 308 3407 ludica
327 3357 423 3428 quem
440 3339 556 3419 timuit,
577 3340 744 3431 timuitque
762 3343 905 3431 aegyptia
924 3342 1027 3413 tellus.

625 3700 771 3762 xxxvdl

203 3960 268 4030 lllic
286 3959 457 4051 Aethiopes
474 3963 569 4052 nigri,
590 3963 768 4034 foedissima
785 3964 889 4044 turba,

202 4085 288 4156 lleul
309 4095 457 4176 potemnt
474 4087 548 4156 olim
568 4087 652 4176 quod
671 4107 732 4157 non
750 4095 883 4176 potuere
902 4088 1073 4180 phalanges

201 4209 369 4300 Egregiae;
390 4211 512 4301 solique
529 4209 634 4292 sudes,
654 4231 733 4301 quos
750 4212 933 4301 praecoquit
951 4212 1044 4302 ignis,

201 4332 348 4404 Efficient
366 4333 494 4424 glandes
511 4334 596 4424 quod
613 4354 675 4403 non
694 4335 794 4404 leeere
813 4355 872 4405 nec
890 4345 991 4405 arnust

202 4461 255 4529 Sic
272 4460 390 4551 placuit
410 4460 509 4540 coelo,
529 4460 619 4549 eujus
636 4481 699 4530 non
718 4462 840 4550 cognita
860 4461 950 4531 nobis

201 4584 323 4654 dudleia
340 4584 457 4674 ignaris
475 4584 610 4655 evadunt
628 4585 715 4654 irrita
733 4605 910 4675 nunquam:

201 4711 276 4779 Fata
293 4709 417 4780 sinistra
435 4717 528 4778 vocat
544 4717 668 4779 nostrae
678 4709 859 4810 'ignorantia
877 4712 1002 4791 mentis,

200 4833 317 4905 Cuncta
336 4842 439 4904 tamen
459 4833 582 4904 bonini
601 4835 736 4924 disponit
754 4834 883 4925 provida
902 4855 989 4905 cura.
