3384 5372
943 511 1095 558 tttstnunr.

967 769 1071 832 xxt'tt

526 1036 609 1120 Quin
628 1043 659 1104 et
679 1033 761 1104 mute
779 1037 913 1123 operum
932 1031 1099 1123 insignem,
1120 1033 1274 1122 tectisque
1292 1029 1460 1120 superbam

526 1157 747 1238 Munbassam,
766 1156 899 1248 pelagus
916 1156 966 1226 cui
985 1154 1259 1234 circumfunditur,
1277 1153 1402 1234 urbem,

527 1283 625 1352 Ferro
642 1280 818 1360 vastabunt,
839 1282 912 1370 igne
931 1279 1162 1370 amburentque
1181 1278 1330 1358 furentes,

526 1407 576 1476 dd
594 1407 727 1486 cineres,
747 1405 851 1496 prisco
869 1405 935 1474 luat
952 1412 988 1474 ut
1006 1424 1066 1494 pre
1085 1403 1218 1474 erimine
1237 1421 1366 1492 poenas

525 1530 648 1601 Exinde
665 1530 724 1600 Eoi
743 1533 804 1621 qut
823 1549 856 1599 se
874 1529 972 1599 maris
989 1527 1095 1598 Indica
1114 1527 1255 1618 pandunt

400 1635 409 1648 ⁹
527 1657 657 1735 Littera,
678 1675 758 1745 quac
778 1654 897 1725 technis
915 1653 1036 1724 ferrent
1054 1661 1085 1724 11
1104 1652 1246 1732 navibus
1266 1651 1365 1721 bostis

528 1782 612 1865 Quas
631 1780 691 1849 ciet
709 1781 741 1849 in
759 1780 870 1860 Lusus
891 1779 968 1848 velis
986 1779 1148 1868 remisque
1167 1778 1269 1848 citatis

529 1903 599 1983 Ibit,
618 1906 698 1972 mira
716 1913 853 1994 patrans,
871 1902 995 1993 juvenis
1012 1902 1201 1972 Laurentius
1218 1901 1325 1970 armis

956 2264 1071 2327 xxvttt

531 2528 617 2612 Quas
633 2528 819 2598 Zamorinus
837 2527 931 2597 babet
948 2527 1133 2597 metuendas
1151 2527 1234 2598 mole
1253 2528 1374 2597 carinas

530 2652 641 2744 (Queis
657 2651 768 2722 fremet
785 2651 949 2722 obsessum
966 2651 1109 2742 pelagus,
1129 2672 1228 2742 quum
1246 2650 1359 2722 bellica
1378 2647 1501 2742 glandes

530 2775 669 2845 Liuentis
686 2774 808 2866 plumbi
825 2775 950 2845 mittent
968 2783 1122 2845 tormenta
1136 2773 1288 2868 rotantes)

412 2885 414 2889 ’
530 2899 707 2989 Edringcnt
725 2899 828 2980 amhn,
847 2900 946 2969 malus
963 2909 994 2970 et
1012 2901 1140 2970 carbasa
1158 2901 1309 2979 scindent,

530 3022 572 3091 Et
590 3022 729 3091 clarum:
750 3023 854 3092 subitb
872 3033 979 3094 aerato
997 3024 1152 3115 praeteria
1171 3023 1264 3093 dente

532 3147 626 3217 Naris
644 3155 742 3215 tracta
760 3155 891 3217 tremet:
912 3147 1100 3218 Laurentius
1120 3167 1191 3217 acer
1210 3149 1242 3217 in
1261 3147 1346 3216 illam

532 3271 670 3351 Desinet,
691 3271 794 3362 gladio
812 3281 935 3342 tantum
953 3274 1095 3342 munitus
1114 3282 1145 3342 et
1162 3273 1266 3354 hasta;

533 3393 635 3465 Caede
655 3398 919 3487 quadringentbm
937 3398 1120 3468 Maurorum
1138 3399 1236 3468 vietor
1256 3397 1363 3467 abibit.

979 3757 1072 3819 XXIX

534 4016 595 4086 Sed
614 4015 699 4087 Deus
715 4021 923 4109 omnipotens,
943 4019 1044 4109 cujus,
1064 4039 1127 4088 nnn
1146 4018 1390 4109 cogitationis,

533 4141 595 4210 Res
613 4161 721 4211 omnes
741 4153 826 4213 reete
845 4142 981 4232 disponit
998 4143 1129 4233 provida
1149 4164 1235 4225 cura,

532 4264 723 4335 Prudentem
742 4275 773 4334 et
792 4267 905 4336 fortem
921 4266 1069 4357 juvenem
1089 4267 1242 4358 perducet
1260 4269 1299 4338 ad
1318 4277 1449 4346 arctum,

533 4389 612 4478 Spes
630 4387 685 4458 ubi
703 4390 855 4479 pugnanti
873 4389 1003 4459 restabit
1021 4391 1107 4460 nullu
1126 4391 1245 4461 salutis.

532 4511 679 4602 dequure
697 4510 871 4583 Cbaulaeae
890 4513 974 4603 qued
993 4513 1259 4584 circumfunditur
1276 4534 1361 4594 orae,

533 4637 688 4725 Quodque
707 4636 823 4718 fremit,
843 4646 945 4707 totum
962 4638 1097 4709 flammis
1114 4648 1146 4708 et
1163 4641 1314 4729 sanguine
1332 4639 1462 4715 terrens,

507 4739 511 4748 ’
534 4761 635 4829 Heres
653 4761 830 4842 occumbet,
850 4761 1047 4851 pulsantibus
1065 4763 1204 4853 undique
1222 4763 1322 4832 Luses

534 4884 673 4955 Navibus
687 4885 850 4975 Aegyptus
869 4907 946 4976 quas
964 4896 996 4957 et
1014 4887 1161 4976 Cambaja
1180 4888 1293 4958 mittet.
