3406 5378
907 501 1060 548 tttstnbnt:

915 757 1045 820 CXXXV

485 1020 588 1090 Insula
607 1041 690 1090 nuno
709 1019 870 1110 (rernis‘l)
886 1019 1075 1110 jamdudum
1093 1041 1241 1111 prospera
1261 1023 1364 1102 taline,

484 1146 569 1215 llaec
588 1155 647 1225 est,
667 1165 746 1236 quae
766 1144 916 1215 tremulas
933 1153 1055 1214 eructat
1072 1147 1189 1216 vertice
1207 1147 1358 1217 dammas.

484 1269 543 1338 Hic
561 1269 666 1339 oleum
685 1269 723 1337 de
744 1268 827 1338 lonte
845 1268 925 1347 linit,
945 1267 1089 1337 mirabile
1108 1268 1207 1338 diotnl

484 1394 544 1463 Hie
561 1395 646 1463 omni
666 1393 818 1483 lacrymas
836 1391 990 1462 exsudant
1008 1399 1151 1482 tempore
1170 1395 1286 1474 trunci,

483 1517 570 1602 Quae
588 1525 673 1586 certe
692 1516 776 1586 baud
793 1515 909 1585 cedunt
928 1514 989 1586 illis
1008 1536 1085 1606 quas
1103 1517 1198 1587 stillat
1216 1518 1332 1587 odoras

482 1641 591 1710 Infelix
604 1638 746 1709 Arabum
764 1639 857 1728 sylvis
874 1636 1026 1728 Cinyraea
1045 1641 1166 1730 puella:

482 1765 619 1834 Fructus
635 1765 714 1834 baec
731 1765 820 1854 regio
838 1773 966 1834 conatos
983 1764 1128 1854 producit
1146 1764 1282 1849 abunde,

483 1887 607 1959 Aurum
624 1892 719 1959 etiam
737 1889 846 1978 gignit,
868 1889 967 1978 gignit
985 1888 1169 1980 bombycina
1186 1889 1249 1958 iila.

904 2247 1047 2310 CXXXVI

482 2507 597 2598 Aspice
615 2506 742 2579 Cellano
760 2507 924 2578 lenientem
942 2508 1048 2577 nubila
1066 2519 1206 2578 montem

480 2632 605 2702 Vertine
623 2632 762 2712 sublimi,
783 2652 878 2722 quern
897 2651 974 2722 gens
994 2631 1193 2702 stolidissima
1213 2655 1337 2703 sacrum

480 2756 557 2854 Esse
575 2765 679 2845 putat:
701 2763 863 2836 monstrat,
884 2766 1037 2846 tanquam.
1050 2756 1228 2827 venerabile
1247 2758 1383 2846 signum,

479 2880 571 2963 Quod
588 2878 679 2970 pedis
697 2880 823 2985 hnmani
842 2890 946 2950 servat
963 2881 1094 2970 vestigia
1112 2902 1233 2974 sanum.
1323 2945 1327 2952 .

478 3005 581 3074 Insula
598 3004 733 3076 Maldira
751 3005 847 3095 (baud
867 3026 929 3075 una
947 3006 1007 3076 hoo
1025 3017 1072 3108 est
1091 3010 1216 3077 nomine
1234 3007 1330 3099 dieta)

479 3129 521 3198 Se
536 3128 631 3218 jactat
650 3129 762 3198 merito
780 3129 865 3218 quod
883 3129 1020 3218 plantam
1037 3129 1179 3219 possidet
1197 3131 1302 3212 altam,

480 3253 566 3336 Quae
583 3253 697 3322 oreseit
715 3253 837 3342 pelago,
858 3253 994 3323 iruetum
1014 3255 1176 3344 gignitque
1195 3254 1363 3333 salubrem,

479 3375 665 3447 Antidotum
683 3397 832 3468 praesens
850 3363 968 3468 pellens
987 3399 1206 3470 quaecumque
1223 3400 1352 3450 venena.

896 3737 1049 3802 CXXXl'll

479 4002 662 4072 Soeotoram
680 4019 790 4070 cernes
808 4000 875 4070 aliie
895 4021 975 4091 quaa
993 4001 1125 4091 insignis
1143 4022 1252 4071 amaro
1312 4035 1317 4044 ·

478 4128 612 4208 Dicitur,
632 4134 664 4196 et
681 4129 788 4196 eontra
806 4125 906 4196 Rubri
925 4127 1020 4197 Maris
1039 4127 1155 4196 eminet
1172 4127 1291 4196 undas:

477 4253 574 4324 Multa
592 4251 698 4330 etiam,
717 4253 829 4320 restris
847 4251 958 4340 pelago
977 4251 1061 4342 quod
1081 4251 1229 4321 subditur
1248 4252 1354 4332 armis
1435 4245 1437 4252 ’

478 4377 589 4446 Pandit
606 4395 737 4446 arenoso
756 4376 870 4465 Libyae
889 4397 958 4446 sese
977 4376 1080 4445 insula
1100 4385 1212 4456 tractu,

477 4499 571 4572 Unde
590 4499 675 4569 venit
692 4507 853 4589 praestans
871 4519 955 4568 nuno
973 4499 1100 4569 demum
1120 4503 1243 4590 cognita
1261 4520 1373 4579 massa,
1431 4487 1434 4494 ’

478 4625 547 4707 Qua
565 4622 648 4692 nulla
667 4625 699 4692 in
717 4624 810 4692 terris
828 4624 976 4693 meliores
994 4624 1078 4693 balat
1096 4623 1223 4694 odores.

479 4746 583 4815 Sancti
601 4746 750 4815 Laurenti
769 4745 858 4817 dives
876 4746 927 4816 bie
946 4749 1045 4817 insula
1064 4749 1177 4838 surgit,

479 4867 733 4959 Madagasaarem
751 4871 841 4960 pauni
860 4891 955 4962 qnam
974 4871 1098 4942 nomine
1117 4872 1236 4942 dieunt.
