3394 5372
504 479 509 490 Ι
557 414 646 462 nrnre
664 414 784 462 sexrus

647 671 698 734 1111
761 707 765 716 ·

174 933 240 1003 Niic
259 941 343 1003 terra
358 933 444 1024 jugis
461 933 558 1003 variis
577 931 726 1024 surgebat
744 933 777 1002 in
796 933 906 1014 altum,

175 1058 332 1136 Floribus,
344 1066 437 1149 atque
449 1055 570 1138 herbis,
583 1076 750 1128 nemorum
763 1077 888 1148 quoque
901 1058 1019 1128 censita
1034 1059 1163 1140 truncis

173 1183 292 1254 Pascua
312 1181 392 1252 iacta
410 1180 515 1252 ferens
533 1181 694 1272 vitamque
714 1181 1061 1274 animantibus,'ampin

174 1307 260 1392 Quas
279 1304 431 1377 ineemrda
449 1305 521 1376 sinu
539 1307 650 1396 gignit,
672 1327 749 1397 quas
767 1307 897 1396 provida
915 1308 1032 1378 nutrit:

175 1431 242 1501 ibic
259 1431 445 1521 perspicuos
463 1429 585 1500 mediae
603 1451 661 1521 per
680 1431 800 1501 viscera
819 1440 924 1502 terrae

174 1557 291 1628 Mixtus
309 1556 373 1646 agit
391 1575 502 1626 cursus
520 1555 694 1626 vitrearum
713 1554 828 1626 ductus
845 1575 1012 1647 aquarum,

176 1677 334 1749 Partubus
351 1679 527 1768 innumeris
546 1663 679 1750 bmder'rs
697 1698 798 1770 genus
815 1699 909 1750 amne
927 1688 1105 1761 natantum;

175 1801 302 1873 Sufficit
318 1803 372 1874 iile
390 1800 478 1873 cibes
496 1803 616 1874 cunctis
634 1801 847 1873 animantibus
863 1803 990 1874 humor.

544 2161 704 2250 ,1111

176 2425 268 2496 Parte
286 2424 346 2494 alid
364 2423 430 2496 iera
448 2423 531 2495 belia
548 2424 656 2494 oculos
673 2423 788 2495 caelata
806 2423 966 2504 tenebant,

177 2550 284 2632 Quum
302 2549 416 2640 Superi
434 2568 453 2618 e
470 2549 557 2620 eccle
575 2546 783 2619 deturbavere
803 2549 959 2640 gigantas:

131 2756 135 2766 Ι
177 2672 331 2744 Conditnr
349 2680 477 2744 aetnaeo
495 2671 636 2742 tumidus
654 2671 713 2743 sub
732 2681 839 2742 monte
856 2671 1025 2762 Tipheeus,

177 2798 239 2880 Qui
256 2806 360 2866 vastas
378 2797 533 2888 crepitans
550 2803 672 2866 eructat
688 2796 722 2864 in
740 2800 812 2866 aera
831 2795 983 2865 dammae.

177 2923 317 3013 Apparet
336 2921 439 3001 tellus,
459 2919 599 3012 Neptuni
618 2922 743 2992 incussa
762 2920 909 3001 tridente,

176 3047 279 3117 letum
297 3066 385 3138 passa
404 3065 545 3136 gravem,
561 3045 690 3136 populis
708 3045 907 3125 mirantibus,
927 3065 1032 3116 acrem

177 3171 266 3256 Quae
283 3170 354 3241 tulit
372 3169 536 3262 alipedem,
558 3190 657 3262 quum
675 3168 766 3242 nubis
784 3169 882 3241 fausta
900 3169 1041 3240 Minerva

178 3295 360 3377 Paciferam
381 3295 443 3366 tato
460 3296 602 3378 meliore,
622 3296 757 3366 ostendit
775 3295 901 3366 clivam.

652 3655 717 3720 11111
772 3610 778 3620 ’

178 3919 247 3990 Nnn
267 3928 369 3990 tamen
387 3918 465 3990 haec
481 3918 605 3988 varians
622 3919 723 3989 tenuit
742 3926 906 4009 conspecta
924 3918 1063 4008 Lyaeum

177 4045 296 4115 iratum
315 4044 438 4134 pictura
456 4043 525 4124 diu;
546 4041 601 4112 sed
619 4042 706 4134 regia
725 4043 849 4133 quaerit

178 4169 267 4239 Atria
285 4167 434 4258 Neptuni,
455 4167 594 4237 monitus
612 4167 666 4258 qui
685 4173 817 4236 noverat
835 4165 924 4235 illum

178 4291 366 4374 Adventare,
388 4292 491 4362 animo
510 4300 675 4382 promptus
693 4289 870 4381 studiisque
889 4299 1016 4380 paratus

177 4419 330 4511 Excipere
336 4444 344 4502 ;
365 4418 404 4488 ad
422 4426 530 4509 portas
547 4417 644 4508 igitur
663 4415 885 4486 comitantibus
902 4415 995 4487 ciiert

177 4543 220 4614 Se
238 4541 402 4635 Nymphis,
422 4541 582 4612 Bacchum
599 4541 689 4611 vultu
707 4548 898 4631 excepturus
916 4541 1026 4610 amice.

179 4669 407 4758 Miranturque,
427 4686 509 4737 novo
527 4664 612 4756 qubd
627 4665 752 4735 tramite
770 4665 875 4754 lapsus
893 4663 931 4735 ab
951 4664 1055 4746 astris

182 4795 249 4866 Rex
266 4793 331 4863 vini
350 4792 383 4860 in
403 4811 538 4882 regnum
556 4789 732 4880 gelidarum
750 4788 874 4858 intrarit
894 4808 1058 4880 aquarum.
