3384 5370
931 433 1083 478 insinno:

982 687 1029 749 Cl'

506 947 596 1019 'lnter
614 959 649 1018 tu
668 950 816 1040 reliqum,
839 969 917 1039 qnos
936 948 1097 1039 delphicus
1115 949 1179 1017 urit
1197 947 1322 1040 Apollo,

511 1074 602 1145 Unus
620 1075 659 1143 ab
678 1074 794 1143 inlestis
813 1074 909 1143 fessos
926 1092 1002 1163 pace
1020 1071 1137 1162 excipis
1154 1073 1256 1141 undis.

512 1199 544 1267 ln
563 1206 606 1280 te,
626 1207 792 1268 ventorum
812 1207 919 1267 contra
937 1195 1157 1286 undarumque
1177 1195 1313 1277 inroras,

513 1323 624 1392 Fidum
643 1331 799 1391 actutum
817 1339 899 1390 nunc
916 1320 1041 1390 tandem
1060 1320 1236 1410 reperimus
1254 1322 1386 1410 asylum.

510 1447 624 1517 Lucida
643 1467 823 1538 purpureus
837 1417 915 1516 ilum
934 1447 1036 1516 sidera
1055 1459 1159 1537 pascet
1178 1447 1342 1537 Olympus

510 1571 594 1641 Dum
612 1571 707 1640 nitida
727 1570 871 1640 Phoebus
888 1570 1031 1640 lustrabit
1048 1570 1192 1660 lampade
1209 1579 1321 1651 terras,

511 1696 580 1781 Quo
598 1717 650 1766 me
668 1716 803 1786 cumque
821 1697 890 1766 loco
909 1700 1074 1766 comitetur
1092 1698 1165 1776 vita,
1186 1695 1355 1766 manebunt

510 1821 588 1890 Viro
608 1831 679 1890 tuae
698 1823 829 1891 memori
849 1831 1049 1891 monumenta
1067 1823 1098 1891 in
1117 1831 1242 1912 pectore
1261 1822 1369 1890 lamae.

972 2180 1032 2242 CVl

510 2439 594 2509 Haec
612 2440 665 2518 ait,
686 2449 716 2509 et
734 2440 850 2510 celeres
867 2441 1022 2530 agitantur
1040 2441 1160 2530 remige
1179 2441 1287 2510 lintres

509 2565 670 2634 Liuianum
688 2567 727 2635 ad
746 2566 886 2646 classem,
906 2585 1001 2657 qnam
1020 2566 1118 2635 ferret
1136 2585 1243 2634 amore
1262 2565 1386 2636 ridendi

493 2690 652 2772 .lllaurus;
673 2699 747 2760 eunt
765 2693 895 2770 circum,
917 2709 1100 2781 puppesque
1119 2691 1271 2779 attingere
1289 2698 1417 2769 certant,

509 2815 598 2885 Nunc
616 2815 683 2894 has,
702 2835 784 2883 nunc
803 2814 870 2883 illas
888 2813 1034 2884 observet
1052 2823 1087 2882 ut
1105 2813 1207 2883 omnia
1226 2813 1372 2904 princeps

510 2938 675 3018 Providus;
696 2946 726 3006 at
741 2937 836 3027 jactat
848 2937 1005 3006 Vulcanus
1023 2936 1054 3006 in
1072 2945 1155 3006 astra
1173 2936 1301 3016 larillas,

509 3047 674 3131 Tormenta
693 3061 850 3151 excipiunt
867 3059 958 3129 hilari
977 3061 1098 3128 navalia
1115 3060 1226 3150 plausu

509 3185 681 3272 lgnivomo,
701 3185 918 3275 complentque
937 3183 1030 3253 tubae
1049 3183 1245 3273 clangoribus
1266 3205 1370 3254 auras:

510 3307 647 3396 Turgicla
664 3310 822 3398 pulsantes
841 3307 1029 3397 respondent
1046 3316 1190 3397 tympana
1208 3307 1320 3377 Mauri.

964 3665 1035 3728 CVll

507 3929 635 4019 Singula
654 3927 708 3999 sed
726 3937 891 4019 postquam
909 3949 1078 4019 generosus
1096 3939 1201 4000 mente
1218 3932 1335 4000 notavit

506 4055 643 4124 Attonita
661 4054 800 4132 Maurus,
821 4052 959 4122 subitum
977 4063 1130 4124 tormenta
1150 4055 1295 4124 timorem

417 4213 422 4224 ·
506 4179 641 4269 Explosa
659 4177 825 4258 incutiunt,
847 4177 936 4266 queis
953 4199 1013 4247 non
1032 4187 1210 4273 assueverat
1228 4187 1309 4260 ante,

505 4303 637 4372 Mirator
655 4310 719 4370 tam
738 4301 893 4372 terribiles
911 4303 1013 4371 excire
1030 4302 1158 4373 beatos:

505 4427 685 4516 Remigium
703 4445 823 4494 cessare
837 4425 937 4516 jubet,
957 4425 1124 4495 consistere
1140 4426 1276 4508 lintrem,

505 4552 567 4635 Qui
584 4551 664 4619 citus
682 4550 818 4639 impulsu
837 4551 932 4620 maris
949 4571 1083 4640 aequora
1101 4550 1183 4620 lenta
1201 4551 1333 4632 secabat,

504 4675 550 4746 Ut
568 4673 700 4764 cupidus
719 4674 834 4744 Garnae
852 4673 944 4764 longo
962 4694 1105 4744 sermone
1123 4675 1257 4756 fruatur,

505 4801 609 4870 Discat
629 4805 660 4866 et
681 4796 742 4878 illa,
762 4818 833 4867 snas
851 4797 939 4885 urrais
956 4797 1035 4866 lama
1055 4798 1237 4890 impleverat
1254 4819 1356 4870 aures.
