3406 5378
353 444 424 512 470
637 465 793 515 uusmnnn
813 465 957 514 noronte
974 467 1006 512 ru
1026 465 1142 513 nrnnunr
1161 465 1267 514 nouum

904 721 993 784 XXX

458 943 557 1012 Duloe
575 943 674 1012 melos
694 950 806 1011 sonant
833 991 889 1007 ...

405 1152 558 1219 Subdubito
572 1150 605 1214 de
619 1150 765 1214 locutionis
787 1149 931 1224 latinitate,
943 1149 993 1212 etsi
1007 1149 1141 1232 exemplis
1157 1148 1356 1212 Alcimedontis
1370 1159 1398 1210 et
1410 1148 1565 1212 Fortunati

352 1263 506 1335 utcumque
521 1261 609 1332 potest
623 1246 731 1310 delendi
742 1246 881 1309 llaoedus.

891 1539 1013 1602 XXXV

460 1725 537 1806 Vno,
557 1745 577 1795 o
595 1729 771 1814 magnatos
799 1777 806 1791 .
824 1775 855 1791 ..

409 1935 464 2008 Qui
486 1933 650 1996 vocabulum
673 1941 819 2013 moyootea
839 1941 982 2011 umquam
1003 1929 1139 2014 sequioris
1158 1929 1231 2004 aori,
1253 1929 1384 2012 quamvis
1407 1931 1471 2012 jam
1492 1951 1512 1994 a
1530 1932 1566 1994 B.

353 2033 524 2114 Hieronymo
536 2041 711 2112 usurpatum,
722 2027 901 2110 improbabit,
916 2027 1034 2090 scribat:

461 2229 525 2300 Vos
543 2230 637 2299 etiam
656 2248 675 2298 o
694 2247 855 2318 proteres,
919 2319 990 2382 LXI

469 2559 524 2575 ...
551 2524 630 2595 quas
649 2503 751 2572 reddit
769 2501 869 2593 pallor
888 2511 1061 2571 amantum.

405 2713 530 2776 Reddere
543 2731 593 2794 pro
608 2711 725 2773 similem
740 2731 811 2784 osse,
823 2709 936 2784 imitari,
948 2709 1059 2772 dillioile
1074 2708 1198 2792 quidem,
1215 2707 1264 2772 sed
1278 2671 1375 2792 aliqua
1389 2709 1508 2775 ratione
1524 2733 1575 2796 po-

354 2825 406 2875 test
419 2810 539 2884 delendi,
555 2809 786 2890 adstipulantibus
807 2808 947 2881 Petronio,
963 2819 989 2870 et
1003 2806 1072 2869 Silio
1086 2807 1188 2870 ltalioo.

895 3100 1013 3164 LXVll

463 3283 549 3373 Ergo
569 3282 631 3362 alii,
653 3282 778 3373 sclopus
797 3303 876 3372 qnos
894 3282 1015 3351 ierreus
1033 3288 1143 3362 armat,
1164 3293 1195 3352 et
1214 3302 1316 3363 arnus,

462 3410 550 3494 Quos
568 3428 640 3498 spos
658 3415 742 3477 uerte
762 3406 849 3476 subit
868 3408 995 3478 timidos
1012 3405 1168 3498 configere
1187 3427 1306 3489 oervoS,

408 3617 535 3699 Solopns,
551 3616 597 3678 tali
612 3637 695 3678 sensu
709 3615 828 3678 barbara
841 3628 882 3679 ost
895 3635 959 3679 vox.
976 3615 1088 3678 Soribo:

462 3819 578 3889 Ferrea
593 3836 673 3908 quos
691 3815 751 3886 illis
769 3815 909 3886 armabat
927 3813 1030 3884 fistula
1048 3815 1152 3905 sylvis,

462 3941 526 4010 Aut
544 3915 648 4019 arouS,
669 3939 797 4009 timidos
815 3941 977 4029 cupientes
995 3937 1095 4029 figere
1114 3957 1234 4008 nervos
