3440 5392
625 393 714 440 LIBER
732 393 843 441 PlllllUb'

695 651 777 714 XXX

236 915 361 1005 Jupiter
379 915 455 984 baec
472 921 643 983 memorat:
664 913 767 982 studia
785 915 816 982 in
834 915 989 984 contraria
1007 915 1077 986 Divi

235 1040 318 1111 Tum
336 1041 411 1110 secti
429 1047 570 1129 pugnant
587 1039 708 1118 animle,
728 1058 877 1128 responsa
895 1039 1030 1109 serentes

237 1165 355 1234 Ordine
374 1164 508 1256 quisque
527 1184 595 1244 suo,
616 1171 765 1253 promunt
782 1162 982 1254 redduntque
999 1165 1136 1235 vicissim

236 1288 443 1379 Argumenta,
464 1286 579 1377 quibus
596 1287 750 1356 contraria
769 1307 859 1356 sensu
877 1286 1023 1357 refutant.

236 1412 318 1483 Ante
336 1433 445 1482 omnes
463 1412 607 1481 Bacchus
624 1411 716 1480 Pater
736 1411 853 1480 exultat
871 1420 902 1481 et
920 1411 1013 1482 audet

235 1536 407 1606 Dissentire
426 1537 507 1617 lovi,
529 1537 613 1626 quod
631 1536 792 1627 praescius
811 1544 878 1604 acta
895 1535 1020 1605 videbat

235 1660 340 1729 Eoum
358 1679 413 1729 sua
429 1659 496 1749 iam
513 1668 585 1750 post
602 1659 679 1730 haec
696 1659 899 1728 memoranda
916 1679 974 1750 per
992 1659 1112 1729 Orbem

236 1783 328 1853 Haud
347 1783 425 1862 lore,
446 1784 472 1852 si
491 1784 591 1854 Lucae
610 1791 736 1873 tangant
755 1803 791 1853 ea
809 1782 913 1853 littora
934 1792 1053 1874 gentes

684 2123 779 2186 XXXI

235 2387 361 2458 Scilicet
379 2386 519 2457 audierat
538 2387 672 2457 latorum
690 2388 825 2467 oracula,
847 2397 971 2478 gentem

236 2512 433 2603 Hesperiam,
453 2511 617 2582 llorentem
635 2512 746 2581 animis
763 2511 927 2602 bellisque,
947 2511 1103 2602 prolundo

233 2638 407 2708 Venturam
424 2638 548 2728 pelago,
567 2637 677 2708 validis
695 2658 776 2729 quae
793 2637 942 2708 subderet
960 2640 1055 2708 armis

235 2762 339 2866 Indica
357 2732 519 2853 purpureo
538 2761 691 2854 quidquid
710 2761 793 2831 lavat
810 2782 948 2852 aequore
966 2762 1068 2844 Dorio,

234 2889 460 2979 Victurumque
478 2891 568 2958 novis
585 2897 787 2958 monumenta
805 2891 932 2978 antiqua
949 2888 1117 2979 trophaeis,

234 3015 282 3085 Ne
299 3014 421 3095 Bacchi,
442 3035 520 3084 neve
539 3013 667 3084 alterius
681 3014 746 3104 jam
764 3013 845 3083 lama
863 3015 999 3103 supersit

234 3138 340 3209 Prisca
357 3138 454 3208 Ducis
460 3163 468 3221 ;
489 3138 574 3209 dolet
591 3137 654 3208 heu
672 3139 804 3209 nimium
822 3138 1026 3208 memorabile
1043 3159 1157 3208 nomen

177 3354 187 3376 1
235 3241 382 3344 Perdere,
404 3264 494 3354 cujus
512 3263 612 3333 adhuc
630 3263 723 3334 Nisae
736 3271 940 3334 monumenta
958 3272 1137 3353 supersunt.

676 3609 783 3684 Xxxll

234 3885 263 3954 A
281 3905 314 3955 se
332 3884 445 3955 lndum
464 3884 621 3974 quondam
639 3884 749 3954 recolit
766 3885 882 3954 virtute
901 3884 1076 3962 subactum,

235 4009 317 4093 Quin
336 4010 394 4080 sibi
412 4011 606 4100 praeriperet
625 4009 756 4091 fortuna,
778 4019 831 4080 aut
850 4029 950 4088 casus,
970 4008 1029 4077 Eoi

234 4133 302 4204 Ceu
321 4134 509 4205 domitorem
527 4135 621 4205 Orbis
639 4135 789 4205 celebrari
807 4135 959 4213 versibus,
979 4133 1052 4202 ullis

232 4259 377 4329 Parnassi
396 4260 588 4351 quicumque
605 4259 717 4330 bibunt
736 4260 775 4329 de
792 4260 876 4329 lonte
894 4258 1044 4347 liquores

232 4385 324 4456 Nunc
342 4387 432 4456 timet
450 4393 516 4454 atra
535 4406 626 4455 suum
646 4384 778 4455 condunt
796 4384 910 4455 oblivia
928 4405 1055 4465 nomen,

232 4513 394 4600 Tantaque
413 4511 444 4578 in
463 4510 598 4579 obscuro
617 4512 790 4580 tumuletur
809 4510 907 4601 glorie
927 4510 1034 4592 Lethe,

212 4635 267 4704 »St
285 4635 425 4704 Lusitani
443 4655 519 4725 gens
538 4635 628 4715 dura,
649 4643 742 4725 atque
761 4655 870 4724 aspera
887 4634 982 4716 bello,
1005 4619 1006 4624 ¹

231 4757 378 4829 Tentatos
396 4759 517 4830 ratibus
534 4761 656 4830 valeant
674 4760 823 4836 accedere
841 4771 961 4852 portus.
