3384 5370
947 459 1100 506 nl'sllutt:

978 661 1061 778 llClll

528 977 690 1068 Apparent
708 987 772 1048 toto
793 979 941 1048 terrentia
961 979 1064 1050 littore
1081 981 1183 1069 gentis

431 1144 435 1154 ·
529 1101 673 1191 Agmina,
695 1123 775 1193 quae
794 1103 898 1173 studio
916 1103 1052 1174 trahitur
1070 1103 1224 1174 stimulata
1246 1103 1380 1175 uidendi.

529 1225 656 1295 Muricis
674 1227 744 1296 irinc
762 1247 856 1297 succo
874 1227 1002 1297 mtilant
1019 1227 1209 1317 splendentis
1229 1227 1363 1310 abollae;

529 1349 608 1418 Hinc
626 1350 787 1440 splendent
805 1352 891 1420 vario
909 1351 1093 1441 bombycina
1112 1360 1196 1422 texta
1214 1354 1329 1424 colore.

529 1474 621 1544 Nulla
640 1495 735 1546 marm
754 1475 827 1546 belli
846 1485 966 1566 gestant
986 1477 1126 1566 insignia,
1147 1477 1227 1548 duro

531 1598 592 1668 Pro
606 1598 720 1688 jaculo,
741 1608 772 1668 et
789 1599 872 1669 llero
889 1600 992 1670 lunata
1011 1600 1042 1669 in
1062 1621 1178 1670 cornua
1197 1621 1306 1681 nervo,

528 1721 749 1804 Praetendunt,
769 1723 894 1804 hilares,
914 1724 1076 1794 viridantis
1093 1724 1203 1794 llorida
1221 1726 1342 1816 palmae

530 1845 688 1926 Germina,
709 1847 882 1936 conspicuis
900 1847 993 1917 arbor
1012 1868 1090 1938 quae
1108 1857 1178 1918 nata
1197 1847 1374 1938 triumphis.

977 2205 1064 2268 XClll

529 2467 657 2538 Arduus
674 2477 717 2548 at,
737 2489 849 2558 magno
866 2469 1000 2538 laterum
1017 2469 1186 2548 molimine,
1206 2467 1310 2548 linter,

530 2591 637 2662 Serica
654 2592 822 2682 purpureis
840 2612 935 2682 quem
954 2600 1037 2662 texta
1055 2591 1212 2662 coloribus
1229 2601 1352 2672 ornant,

502 2687 508 2698 ³
528 2714 655 2787 lllelindi
673 2715 783 2805 pelago
801 2715 922 2805 Regem
940 2716 1035 2798 vehit,
1057 2716 1178 2807 agmina
1197 2707 1325 2805 cingunt
1356 2701 1357 2704 ¹

529 2840 697 2931 Splendida
710 2861 804 2930 quem
816 2842 934 2910 circum
946 2861 1122 2932 procerum,
1136 2841 1339 2931 mediumque
1351 2848 1506 2910 coronant.

529 2965 667 3055 lnsignes
685 2965 724 3035 de
742 2985 831 3035 more
849 2965 983 3046 habitus,
1004 2975 1035 3034 et
1053 2967 1187 3054 tegmina
1206 2973 1317 3054 gestat,

530 3091 617 3174 Quae
635 3094 735 3180 pretio
753 3091 872 3181 Regem
890 3091 1030 3171 deceant,
1049 3099 1142 3180 atque
1160 3093 1235 3159 artis
1252 3089 1382 3171 honore,

530 3213 626 3304 lnque
644 3215 741 3304 plicas
758 3215 852 3284 ducto
871 3213 1043 3284 diademate
1061 3222 1203 3303 tempora
1221 3215 1327 3304 cingit,

530 3337 618 3407 Auro
636 3345 668 3407 et
686 3339 823 3427 gossipio
842 3346 872 3405 et
890 3336 1051 3424 bombycis
1070 3337 1200 3408 stamine
1218 3345 1312 3407 texto.

984 3695 1059 3759 XCV
1106 3711 1112 3728 ·

530 3959 629 4028 llucto
647 3959 831 4028 damasceno
848 3959 887 4028 de
905 3960 1036 4028 stamine
1054 3979 1168 4048 corpus
1186 3958 1286 4028 abolla

528 4082 642 4167 Induit,
662 4083 846 4174 ardentique
865 4103 882 4153 e
900 4084 1020 4153 murice
1039 4084 1132 4154 tincta
1150 4081 1298 4161 rubescit,

530 4211 662 4280 Gratum
681 4210 723 4279 ibi
742 4210 955 4300 pigmentum3
978 4209 1058 4280 collo
1074 4211 1152 4280 nitet
1170 4229 1264 4278 aurea
1282 4208 1413 4297 torquis,

529 4333 673 4423 Cumque
691 4352 767 4402 auro
785 4331 941 4402 contendit
959 4353 1048 4423 opus,
1069 4333 1124 4403 sed
1141 4334 1277 4402 vincitur
1295 4351 1425 4401 aurum:

528 4458 647 4527 luserto
667 4455 742 4525 clari
761 4457 889 4527 rutilant
907 4456 1069 4526 adamante
1088 4458 1214 4536 nitores

530 4581 759 4652 Cinctahrevis
777 4581 899 4672 gladius
917 4591 1092 4672 gemmatus
1111 4582 1142 4650 in
1161 4581 1214 4650 ilia
1231 4581 1356 4671 pendet,

530 4705 678 4795 Corporis
697 4706 844 4775 extremis
862 4705 936 4775 dant
954 4707 1053 4776 serica
1071 4705 1206 4794 tegmina
1225 4705 1347 4796 plantis,

529 4829 613 4911 Quas
632 4849 756 4907 aurum,
776 4838 807 4898 et
825 4839 934 4919 partus
952 4827 1141 4899 concharum
1160 4849 1322 4919 gemmeus
1340 4838 1439 4899 ornat.
