3384 5370
571 473 659 519 einen
678 473 819 528 orsurus

626 730 767 792 cxxvut

199 992 264 1059 iter
284 991 380 1080 igitur
398 989 556 1080 precibus,
574 989 744 1082 uerbisque
763 992 874 1061 citatus
891 992 1010 1072 amicis,

197 1115 322 1204 imperii
343 1115 432 1204 queis
450 1114 573 1203 pondus
592 1115 684 1196 inest,
705 1118 793 1206 queis
812 1116 946 1185 maxima
965 1116 1071 1206 legunt

198 1238 251 1306 Vis
269 1237 353 1317 latet,
375 1237 414 1306 ad
432 1257 483 1307 me
502 1238 617 1328 inquit:
639 1238 702 1306 Res
720 1258 852 1327 magnae
871 1247 902 1308 et
920 1239 1045 1308 nomine
1064 1239 1175 1328 dignae

196 1361 341 1430 Nonnisi
361 1363 486 1430 uirtutis
505 1362 615 1451 pretio,
636 1382 672 1430 ac
689 1361 869 1431 discrimine
888 1371 1043 1432 constant:

196 1486 323 1576 Egregii
341 1486 453 1556 heroes
471 1486 568 1556 decus
587 1487 764 1556 immortale
782 1487 931 1568 tulerunt,

194 1585 343 1700 Ennosite
361 1610 456 1680 morti
474 1631 531 1700 per
550 1610 635 1680 mitte
654 1611 794 1700 pericula
813 1611 885 1692 vita,

194 1735 281 1817 Quae
299 1713 324 1804 si
345 1735 375 1802 in
394 1733 476 1803 belia
496 1735 568 1812 ruit,
590 1736 709 1824 spernit
728 1735 865 1804 animosa
884 1736 1023 1816 timores,

193 1858 259 1928 Etsi
278 1860 373 1929 fracta
393 1860 485 1948 perit,
507 1868 639 1929 ventura
658 1861 688 1928 in
708 1861 831 1930 saecula
850 1862 937 1930 vivit.

627 2221 744 2282 txmx

190 2481 259 2571 lpse
278 2501 336 2571 ego
355 2489 386 2550 te
405 2481 496 2571 elegi,
517 2483 611 2552 sociis
629 2503 666 2552 ex
686 2484 832 2553 omnibus
849 2506 948 2554 rurum

189 2606 303 2676 Munus
321 2606 354 2674 in
373 2607 548 2696 egregium,
570 2607 764 2698 dignumque
783 2617 814 2678 et
833 2610 986 2699 sanguine
1004 2611 1130 2692 Gamoe,

191 2728 231 2798 Et
250 2731 367 2798 virtute
385 2729 493 2810 animi,
513 2729 598 2800 laudi
616 2729 785 2820 decorique
803 2731 960 2814 iutumm3

189 2853 279 2936 Quod
297 2855 345 2922 vis
363 2873 477 2944 magna
494 2855 558 2924 mei
577 2854 676 2925 levius
694 2855 751 2925 tibi
771 2855 880 2924 reddet
900 2857 1025 2926 amoris.

188 2977 256 3046 Non
276 2996 334 3068 ego
353 2978 442 3067 plura
460 2978 529 3057 tuli,
550 2979 605 3048 sed
625 2999 714 3048 mox:
735 2980 801 3048 Rex
820 2981 965 3062 maxime,
987 2990 1093 3072 prote

189 3100 296 3181 Ferro,
317 3101 394 3190 igni,
415 3101 497 3182 telis,
517 3101 706 3192 nivibusque
724 3104 919 3173 committere
937 3104 1044 3185 vitem,

188 3223 289 3306 Quam
307 3226 400 3314 cupio
418 3225 525 3294 minus
544 3235 602 3306 est,
623 3226 713 3296 doleo
733 3227 816 3317 quod
833 3228 896 3296 vita
915 3227 1033 3297 caduco

188 3348 340 3439 Tempore
361 3351 466 3418 testari
485 3349 614 3440 longum
635 3347 686 3418 rin
705 3347 803 3440 possit
821 3372 971 3421 amorem.

627 3711 731 3772 LXXX

187 3971 283 4062 Finge
302 3971 419 4053 animo,
438 3972 505 4040 Rex
524 3993 650 4062 magne,
671 3982 736 4052 tuo,
757 3972 937 4042 discrimina
956 3973 1043 4054 lethi,

183 4095 228 4166 Ut
246 4094 362 4186 quibus
379 4094 525 4166 Alcidem
544 4095 701 4186 quondam
719 4094 886 4186 objectavit
906 4097 1030 4187 iniquus

183 4219 392 4310 Eurystheus:
413 4219 553 4289 nemeaei
571 4230 737 4290 occurrant
756 4220 855 4290 forma
872 4220 980 4302 leonis,

184 4342 389 4433 Harpyaeque
408 4351 524 4421 truces,
546 4363 621 4432 aper
637 4342 869 4434 Erymanthius,
890 4343 996 4432 Hydra

184 4468 333 4538 Horrida:
355 4477 386 4538 et
405 4467 542 4538 infernas
560 4469 685 4539 tandem
703 4468 873 4539 descensus
891 4469 929 4538 ad
947 4469 1086 4550 umbras,

182 4594 259 4685 Styx
276 4593 333 4663 ubi
353 4594 441 4683 nigra
460 4593 551 4684 palus
569 4595 652 4664 tristi
670 4595 753 4664 larat
772 4595 896 4684 agmine
915 4615 1042 4686 campos

183 4718 359 4798 Tartareos
379 4717 460 4788 levia
480 4719 540 4788 ista
559 4727 650 4809 pnto;
671 4718 813 4808 graviora
834 4716 952 4787 subibit

181 4843 242 4913 Pro
259 4853 303 4924 te,
324 4845 402 4925 Rex,
423 4845 560 4925 animus;
581 4864 639 4914 nec
660 4865 732 4933 pars
751 4841 875 4911 infirma
894 4853 1029 4911 recuset.
