3394 5372
522 1369 923 1537 insciolo

484 1939 487 1944 -
595 1902 697 1960 cleon
717 1903 852 1961 SEXTUS

716 2238 728 2300 l

226 2497 379 2570 Ethnicus
398 2500 541 2571 exultans
559 2503 671 2572 animis
689 2501 757 2572 Rex
776 2504 877 2573 nescit
895 2503 1016 2574 honore

227 2623 296 2707 Quo
314 2633 410 2714 queat
429 2625 577 2716 excipere
596 2635 626 2696 et
644 2627 742 2717 possit
760 2625 820 2696 sibi
838 2626 972 2698 reddere
991 2629 1108 2699 amicos

226 2747 359 2829 Heroas,
379 2758 465 2819 oerla
483 2757 519 2820 ut
534 2749 645 2840 jungat
664 2750 723 2820 sibi
743 2749 871 2820 foedera
889 2751 987 2842 Regis

226 2869 451 2954 Christiaddrn,
472 2882 504 2942 el
522 2875 626 2964 gentis
644 2873 734 2945 fortis
751 2874 811 2945 sibi
831 2884 962 2965 quaerat
981 2895 1136 2958 amorerm

225 2996 306 3066 liun
324 2997 471 3088 queritur
489 2997 575 3088 qudd
593 3009 678 3070 sorte
698 2999 758 3068 alio
776 2998 894 3070 divisus
909 2978 945 3069 'in
963 3000 1052 3080 orbe,

225 3120 303 3191 Tam
320 3121 431 3211 procul
449 3121 589 3214 Europa,
609 3143 739 3195 nemora
757 3124 842 3194 inter
860 3123 958 3194 densa
976 3133 1119 3196 moretur

225 3243 392 3328 Molindae,
411 3247 512 3316 vicina
531 3246 612 3318 colat
630 3267 689 3318 nec
708 3248 812 3318 littora
830 3251 929 3338 ponti,

226 3369 294 3454 Qua
312 3391 412 3461 vagus
429 3369 555 3441 Alcides
575 3373 663 3441 veliti
683 3373 780 3442 uraris
798 3373 879 3443 ostia
896 3375 1017 3464 pandit.

707 3731 736 3794 ll

226 3993 362 4064 lnsliluil
381 3993 481 4075 ludos
502 3995 696 4086 choreasque
715 4006 747 4066 el
765 3997 851 4066 mille
870 4017 1023 4068 novarum

224 4118 322 4208 Signa
339 4118 548 4209 voluptatum,
569 4139 649 4210 quae
667 4121 845 4190 melindana
860 4121 1010 4211 juventus

224 4240 370 4312 Officiosa
388 4243 494 4325 ollert,
513 4245 702 4334 pisoosaque
717 4245 824 4315 munia
843 4245 932 4316 laetis

223 4365 306 4457 Apta
324 4366 414 4456 J'ocis,
434 4368 524 4458 queis
542 4367 617 4438 falsa
635 4370 717 4460 capit
735 4369 848 4460 Lageie
866 4369 1031 4440 maritum:

219 4481 338 4560 'Clarus
355 4491 401 4561 sic
419 4491 572 4583 princeps
590 4492 754 4564 oblectans
773 4495 898 4584 agmina
917 4495 1047 4575 Lusum,

166 4595 169 4602 ยน
223 4615 368 4706 Hospitio
386 4615 530 4706 indulget
548 4615 693 4698 blandus,
714 4617 855 4688 convivia
874 4627 964 4688 curat

221 4739 331 4820 Lanu,
352 4749 462 4832 parant
481 4742 542 4812 illis
560 4762 685 4814 mensas
704 4743 876 4835 epulasque
894 4744 1041 4826 ministri,

223 4863 340 4968 Pisces,
362 4866 464 4936 dulcia
483 4887 589 4958 poma,
609 4877 641 4937 el
659 4888 743 4948 ares,
763 4870 979 4960 pinguemque
998 4868 1139 4939 lerinam.
