3406 5378
894 457 1053 508 Lusium

922 715 1029 780 LXIV

450 795 455 810 '
473 802 544 873 Dux
562 802 659 892 igitur
678 800 822 872 tortis...
844 855 852 871 .

422 1015 498 1076 llaec
511 1033 567 1076 non
581 1012 647 1076 satis
661 1011 806 1094 perspicua
820 1011 957 1077 videntur.
977 1011 1157 1074 scriberem:

475 1215 546 1284 Dux
565 1215 661 1304 igitur
679 1213 768 1283 lusus
786 1213 911 1306 (cuncta
932 1213 1153 1304 interpresque
1173 1211 1285 1294 fidelia,

475 1341 536 1426 Qui
554 1341 695 1431 linguam
713 1339 804 1409 callet
822 1359 1008 1410 maurorum
1026 1337 1143 1430 digerit
1163 1335 1252 1428 illis).

908 1733 1043 1798 LXVIII

477 1997 637 2069 Ardentes
656 1997 798 2066 relerunt
818 1995 995 2088 scloppos„
1013 2047 1046 2064 ..

425 2204 1562 2290 Voxscloppurnecletinaest,neclusitanicaelrcmlabcnerespondetl’onerem:

479 2408 648 2501 Pyrcbalcs
667 2415 820 2478 monstrat
838 2406 935 2477 dirus.

430 2619 483 2682 Sed
497 2618 531 2680 de
545 2618 697 2700 quantitate
711 2618 815 2701 primae
826 2618 949 2700 syllabae
958 2626 1004 2680 τοῦ
1020 2617 1171 2698 Pyrobulcs
1184 2617 1298 2680 lracsito.
1314 2617 1396 2680 Certe
1408 2617 1436 2679 in
1450 2613 1567 2698 pyramis
1674 2609 1675 2682 J

375 2718 500 2780 similiter
514 2717 688 2800 producitur;
705 2729 800 2779 contra
814 2737 880 2779 reru
895 2717 922 2778 in
934 2736 1019 2799 pyra,
1033 2735 1140 2797 pyropo
1154 2716 1312 2798 corripitur.

919 3096 1035 3159 LXXV

430 3360 553 3420 Tertium
568 3369 595 3418 et
608 3367 739 3439 quartum
755 3355 838 3436 liujus
852 3355 978 3438 strcplres
995 3375 1105 3418 tersum
1120 3356 1160 3418 sic
1175 3368 1326 3420 mutarem:

483 3559 581 3628 llarle
602 3557 699 3638 Ieron,
720 3557 794 3626 victi
813 3556 922 3648 spoliis
941 3557 1079 3626 Orientis
1098 3568 1210 3627 crusta

483 3683 618 3774 (lugeret
635 3683 717 3752 ans
735 3682 795 3752 sini
815 3683 946 3752 demum
966 3685 1080 3753 cedere
1099 3693 1221 3774 gentes,

492 3945 721 3966 ..........
729 3895 891 3964 Ilnrnanus
909 3894 1008 3966 Iulus

435 4109 511 4170 Iulus
525 4127 575 4190 pro
590 4105 663 4168 Iulio
678 4125 733 4167 non
749 4105 819 4167 benc
834 4107 955 4188 ponitur.
974 4068 1074 4167 illelius
1088 4107 1217 4170 fortasse:

484 4309 611 4379 Scilicet
625 4315 660 4377 nt
678 4306 819 4388 Macedc,
841 4307 944 4378 bellan
964 4317 995 4377 et
1014 4307 1115 4378 Julius
1135 4309 1197 4391 illc,

484 4524 551 4594 lrnu
570 4532 601 4594 et
618 4523 760 4593 Bacchus
779 4543 856 4613 ege.
874 4578 881 4592 .
899 4577 905 4592 .
923 4577 929 4592 .

432 4733 526 4799 Altera
537 4735 642 4818 syllaba
652 4743 697 4795 τοῦ
707 4753 759 4814 ego
769 4753 824 4796 non
835 4733 905 4796 bene
918 4735 1079 4816 producitur
1085 4755 1093 4810 ;
1105 4735 1152 4797 sed
1167 4755 1299 4798 caesurae
1311 4735 1446 4798 beneticic
1455 4736 1572 4800 excusari

378 4835 478 4915 peterit
492 4834 633 4895 Macedus.
