3406 5378
956 461 1112 508 [temnite

986 718 1074 780 LXIX

537 977 643 1066 ignem
662 978 866 1068 sulphureum
885 989 1038 1050 tormenta
1058 980 1180 1050 infanda
1199 981 1328 1052 latebris

536 1103 638 1187 Quem
657 1103 769 1184 celant,
790 1103 894 1173 subite
910 1104 1091 1196 jaciuntque
1109 1105 1266 1175 horrenda
1284 1105 1420 1196 fragore,

536 1229 687 1308 Ballistae,
708 1229 880 1319 tacitasque
899 1229 964 1297 sias
982 1229 1041 1299 sub
1061 1233 1203 1320 gramine
1221 1232 1338 1322 campi,

535 1353 671 1442 Spernet
689 1363 800 1424 cuneta
819 1353 912 1422 simui
930 1353 994 1422 dun
1013 1354 1245 1444 Mascaregnius
1261 1354 1359 1426 heros

535 1477 615 1548 Cum
635 1479 737 1557 suciis,
757 1479 871 1548 audent
889 1480 942 1570 qui
963 1489 1081 1548 renam
1100 1489 1241 1552 temnere
1259 1493 1406 1560 mertem,

535 1603 654 1682 Donec,
675 1605 706 1672 in
725 1611 867 1672 extreme
885 1601 1016 1672 Castnrs
1033 1603 1214 1675 discrimine
1233 1627 1352 1687 rerum,

535 1727 696 1818 Separat,
716 1737 746 1795 et
765 1736 864 1806 natos,
885 1737 1035 1808 serrator,
1055 1727 1189 1798 devovet
1206 1729 1278 1809 aris,
1375 1775 1382 1782 -

534 1853 621 1936 Quos
639 1853 706 1920 run
726 1861 912 1942 perpetuum
932 1853 995 1922 rita
1013 1863 1195 1924 mercentur
1212 1855 1378 1925 honorem.

991 2214 1068 2275 LXX

535 2475 727 2554 Fernandus‚
748 2476 849 2544 clarae
868 2477 976 2566 stirpis
992 2496 1065 2566 spes
1084 2475 1144 2544 alta
1162 2475 1335 2566 decusque,

532 2599 639 2684 Quum
659 2609 812 2668 tormenta
830 2609 958 2669 voment
977 2599 1007 2667 in
1026 2619 1134 2668 murus
1151 2599 1278 2669 horrida
1296 2599 1435 2691 glandes,

532 2723 617 2793 Dum
635 2733 754 2815 pugnat
773 2724 872 2803 furtis,
893 2723 1091 2794 flammarum
1109 2725 1227 2795 vortice
1245 2733 1364 2814 raptus,

532 2849 690 2918 Erhaians
708 2849 844 2918 animam
862 2868 992 2938 superas
1009 2848 1155 2918 ascendet
1173 2849 1206 2918 in
1223 2869 1322 2918 arces.

531 2973 667 3044 Atrams
684 2993 769 3051 acer,
790 2972 891 3042 hiems
909 2990 1009 3063 quum
1026 2973 1123 3042 tristis
1141 2971 1297 3042 inhorruit
1314 2974 1402 3049 orbe,

531 3098 638 3181 Quum
657 3097 705 3166 via
722 3097 857 3166 eaendei
876 3097 1089 3187 praecluditur
1106 3097 1234 3167 humida
1252 3099 1351 3187 ponti,

531 3219 643 3290 Ciausa
662 3222 759 3290 maris
778 3241 932 3302 reserans,
952 3221 1132 3291 discrimina
1150 3221 1254 3291 vincet
1271 3231 1303 3292 et
1319 3220 1429 3302 undas,
1485 3205 1490 3214 ¹

532 3345 769 3435 Ventorumque
787 3347 889 3415 minas
906 3346 1078 3436 superabit,
1097 3355 1129 3416 et
1148 3347 1276 3438 insuper
1294 3347 1410 3418 hostes.

983 3705 1073 3768 LXXI

530 3970 663 4059 Jamque
681 3977 771 4059 pater
790 3968 904 4048 reniet,
924 3968 1060 4038 tumidas
1077 3971 1131 4059 qni
1148 3969 1261 4038 dividit
1277 3970 1388 4050 undas,

531 4094 654 4185 Agmen
673 4113 769 4182 agens
787 4092 946 4182 reliquum
963 4093 1120 4163 Lusnrum
1139 4094 1171 4162 in
1188 4094 1319 4185 praelia,
1338 4094 1436 4164 [retus

532 4219 658 4288 Viribus
676 4225 708 4286 et
726 4217 827 4294 duem,
847 4225 984 4307 praestat
1001 4238 1082 4309 quae
1099 4219 1231 4298 viribus,
1250 4229 1332 4290 arte:

530 4347 613 4416 noer
629 4343 687 4412 init
704 4342 805 4412 fauste
822 4342 983 4413 crudelem
1001 4343 1104 4413 sidere
1121 4365 1271 4435 pugnam.

530 4469 571 4538 Hi
589 4468 739 4548 subeunt,
760 4475 904 4538 temnunt
921 4487 992 4536 nam
1010 4466 1143 4537 claustra
1161 4467 1328 4548 obstantia,
1348 4489 1465 4550 mums;

531 4595 572 4662 Hi
591 4593 693 4663 iecere
710 4595 794 4662 viam
812 4592 952 4662 conserta
971 4613 1029 4682 per
1047 4593 1173 4683 agmina
1189 4593 1289 4664 ferro:

530 4716 615 4787 Taiia
633 4716 711 4786 iacta
730 4717 846 4795 rirdm,
866 4736 925 4786 nee
943 4716 1031 4787 Musa
1048 4736 1184 4807 aequare
1203 4719 1354 4798 canende,

531 4840 644 4909 Omnia
662 4859 720 4909 nee
737 4843 852 4930 peterit
869 4841 1002 4931 scriptur
1019 4862 1148 4912 narrare
1166 4841 1280 4912 fidelis.
