3440 5392
918 369 1074 418 cosmum

918 627 1075 691 LXXXVII

499 893 647 964 Exuitant
666 891 763 982 agiles
781 909 892 961 saxoso
911 891 943 959 in
962 890 1067 959 iittore
1086 889 1202 971 Mauri;

500 1017 638 1090 Nutibus
656 1024 803 1088 exercent
822 1015 967 1085 simulata
985 1013 1163 1083 minacibus
1181 1034 1279 1095 anua,

499 1141 688 1210 Suoeutiunt
705 1159 842 1229 pannas,
862 1147 893 1207 et
911 1139 973 1208 tela
992 1138 1109 1208 infensa
1129 1144 1303 1219 coruscant,

457 1329 461 1336 .
498 1263 674 1343 Accedunt,
695 1262 855 1352 fortesque
874 1261 1002 1331 trahunt
1021 1263 1053 1330 in
1071 1261 1188 1352 praelia
1205 1262 1319 1331 Lusos:

499 1389 569 1460 Non
588 1389 662 1458 sinit
681 1390 728 1457 ire
747 1391 849 1457 ruinas
867 1407 944 1478 gens
963 1387 1073 1458 Martia
1093 1387 1231 1476 longius;
1252 1406 1328 1477 ergo

498 1515 602 1598 Quam
621 1533 718 1604 grave
736 1514 777 1584 sit
795 1513 926 1583 canibus
945 1513 1036 1582 docet
1055 1513 1180 1582 irritare
1199 1513 1335 1582 leonem:

498 1637 637 1708 Navibus
656 1638 840 1718 escendunt,
859 1637 1053 1726 veniuntque
1072 1638 1104 1704 in
1122 1636 1238 1716 littora,
1258 1636 1338 1705 saitu

499 1764 576 1833 Tam
593 1784 742 1854 propero,
762 1773 797 1833 ut
815 1767 914 1854 possit
932 1764 1054 1853 primus
1073 1763 1131 1832 sihi
1152 1764 1284 1854 qusque
1303 1760 1411 1832 rideri.

916 2119 1082 2184 LXXXVII!
1151 2140 1155 2148 ·

419 2403 420 2408 ¹
501 2384 608 2470 Qualis
626 2385 795 2474 sanguineo
814 2403 847 2454 se
865 2383 976 2466 iaetus
996 2384 1028 2452 in
1047 2401 1183 2472 aequore
1201 2381 1296 2465 Circi,

500 2507 603 2592 Quem
621 2528 710 2577 sacer
728 2508 793 2578 urit
811 2527 911 2588 amor,
932 2516 1181 2597 conspectusque
1199 2517 1293 2597 urget
1312 2517 1430 2578 amatae

499 2631 647 2722 Virginis,
669 2641 803 2702 ostentat
818 2633 955 2723 invenis
975 2643 1164 2721 taurumque
1183 2633 1316 2722 requirit

498 2756 539 2825 Et
559 2758 652 2838 saltu,
673 2764 704 2827 et
723 2777 831 2838 cursu,
849 2758 983 2848 nisuque
1002 2765 1033 2826 et
1051 2777 1128 2826 uoce
1147 2755 1282 2825 lacessit.

497 2881 567 2953 Non
587 2891 691 2953 tamen
710 2891 835 2974 arrepto
854 2903 964 2952 saevus
983 2903 1016 2952 se
1034 2891 1178 2973 ternpore
1196 2891 1305 2953 taurus

499 3005 636 3088 Deserit,
657 3015 688 3076 at
706 3015 807 3087 torva,
829 3008 979 3076 inclinans
997 3007 1062 3076 iera
1081 3027 1197 3076 cornua
1217 3006 1329 3088 fronte,

498 3129 611 3219 Mugit,
632 3140 785 3222 atroxque
803 3131 918 3212 irenrit,
940 3132 1111 3222 curritque,
1133 3141 1164 3200 et
1182 3132 1299 3200 lunuua
1318 3130 1443 3212 claudit,

498 3253 633 3343 Impetit,
655 3256 802 3337 incursat,
825 3255 906 3336 ierit,
925 3263 1029 3345 urget,
1049 3257 1175 3344 agitque
1194 3257 1329 3326 ruinani.

841 3655 842 3660 κ
923 3609 1069 3675 LXXXIX

499 3874 580 3944 Ecce
599 3883 704 3944 autern
722 3871 847 3943 subitus
866 3893 899 3944 se
916 3873 1064 3946 lintribus
1082 3879 1195 3944 excitat
1214 3878 1305 3965 ignis

499 3999 600 4082 Quem
618 3997 734 4068 furiosa
753 3999 838 4068 cient
856 3999 936 4068 duro
955 4008 1109 4070 tormenta
1127 4000 1267 4090 fragore:

395 4169 396 4176 κ
498 4121 650 4192 Plumbea
668 4121 756 4212 glans
775 4126 887 4193 emissa
905 4132 1006 4205 necat,
1027 4144 1121 4193 sonus
1139 4124 1287 4194 horridus
1305 4133 1413 4214 urget;

371 4287 373 4295 ·
498 4245 639 4316 Verbere
658 4248 750 4337 pulsa
768 4249 836 4318 soni
854 4249 952 4338 gemit
970 4250 1042 4328 icta,
1062 4256 1094 4316 et
1112 4247 1215 4318 sibilat
1235 4269 1320 4317 aura.

497 4369 620 4440 Territa
638 4371 824 4460 tranguntur
842 4372 1024 4440 Maurorum
1043 4373 1137 4441 corda
1155 4393 1282 4463 pavore,

496 4493 644 4584 Frigidus
661 4494 815 4565 horrescit
834 4496 953 4564 circum
972 4495 1155 4584 praecordia
1174 4499 1315 4587 sanguis:

497 4621 578 4692 Hinc
597 4621 676 4712 sugit
695 4622 833 4691 occultus
852 4623 907 4711 qui
925 4621 1035 4690 siivaru
1053 4621 1219 4704 insederat,
1239 4623 1311 4693 inde

498 4744 1258 4835 Qfflfflmwmmfflmm
