3394 5372
889 485 1047 534 cosmum

934 743 1000 804 iilil

476 1007 566 1076 Parte
585 1005 643 1074 alia
663 1006 775 1096 conjux
794 1024 865 1074 sose
883 1007 1023 1095 speciosa
1042 1003 1164 1075 ferebat

473 1131 623 1221 Neptuni,
642 1128 727 1200 Coeli
746 1149 782 1200 ac
800 1129 914 1200 Vestae
933 1129 1147 1220 pulcherrima
1165 1128 1280 1219 proles,

394 1339 396 1344 ¹
474 1257 593 1326 Partim
610 1255 727 1337 hilaris
746 1256 925 1346 partimque
945 1255 1050 1346 gravis
1068 1257 1150 1344 gerit
1168 1275 1223 1325 ora
1237 1255 1380 1324 venustis

473 1383 569 1454 Minta
587 1383 705 1452 modis:
727 1401 836 1451 ramm
854 1381 957 1471 pelagi
976 1389 1082 1470 stupet
1099 1379 1183 1450 unda
1196 1381 1356 1451 decorem.

475 1507 551 1578 Tam
569 1505 710 1598 pulchris
727 1505 879 1576 membris
894 1505 1076 1575 tenuissima
1090 1504 1187 1576 vestis
1204 1506 1365 1586 adhaeret,

474 1631 551 1700 Tam
569 1651 644 1700 raro
662 1630 716 1699 lini
738 1632 778 1699 de
796 1630 930 1700 stamine
950 1639 1044 1711 texta,
1064 1651 1122 1721 por
1141 1629 1238 1698 illam·

474 1755 621 1824 Pcrmoot
634 1762 671 1824 ut
687 1755 781 1827 visus,
801 1755 935 1823 nimium
953 1761 1132 1844 provectae,
1148 1754 1179 1823 in
1197 1761 1305 1822 artus:

474 1879 641 1950 Occultare
659 1878 746 1950 neias
765 1899 845 1969 quae
864 1887 937 1948 sunt
956 1889 1019 1948 tam
1037 1881 1133 1969 digna
1152 1879 1266 1949 rideril

930 2236 1007 2298 xxti

474 2498 620 2568 Floribus
634 2499 696 2568 huc
712 2506 862 2589 properat
881 2497 1049 2568 formosior
1066 2497 1267 2588 Amphitrite,

473 2622 543 2692 Huc
562 2632 720 2713 properat,
739 2641 799 2692 nec
818 2622 903 2690 enim
921 2621 977 2691 tali
997 2641 1030 2691 se
1050 2623 1162 2693 deesse
1178 2621 1303 2693 volebat

475 2745 629 2816 Concilio:
650 2765 758 2815 secum
779 2745 865 2814 ducit
884 2745 1049 2835 Delphina,
1069 2746 1189 2815 calores

474 2872 535 2956 Qui
554 2873 661 2942 docuit
680 2873 776 2962 regis,
797 2892 912 2963 parere
932 2881 963 2941 et
978 2871 1073 2961 jussit
1092 2872 1203 2941 amori.

474 2997 617 3090 Utraque
633 2996 806 3069 luminibus
823 2997 933 3067 lumen
951 3017 1079 3087 quoque
1097 2997 1225 3067 vincere
1244 2997 1317 3067 solis

474 3122 582 3191 Posset
599 3121 730 3213 pulchra
748 3122 823 3204 suis,
841 3122 996 3212 legesque
1015 3121 1178 3212 imponere
1196 3124 1331 3203 mundo;

475 3246 568 3316 Sorte
586 3247 656 3335 pari
672 3245 809 3338 jungunt
823 3265 1011 3337 progressae
1031 3247 1063 3314 in
1081 3246 1208 3316 loedera
1228 3245 1369 3328 dextram

475 3370 529 3439 Sic
548 3371 648 3450 decet,
667 3391 784 3440 amores
802 3369 888 3461 quod
907 3369 1050 3458 conjugis
1068 3369 1162 3439 unius
1180 3368 1302 3438 amhae.

923 3727 1013 3788 lllllll

474 3989 528 4059 llla
546 3988 764 4060 Athamantaei
783 3991 943 4078 quondam
960 3988 1089 4078 iugitim
1107 3987 1232 4069 luroris,

475 4115 534 4186 Cui
553 4115 626 4205 luga
645 4116 767 4184 divinos
786 4115 898 4204 pelago
917 4115 1045 4184 donavit
1063 4114 1209 4195 honoros,

474 4240 546 4309 Huc
564 4239 660 4320 vonit,
681 4247 712 4308 et
729 4247 839 4308 natum
858 4238 920 4308 lert
933 4239 1050 4330 pignus
1068 4239 1201 4309 amabile
1220 4257 1340 4315 secum,

475 4364 535 4448 Qui
554 4385 724 4434 numemm
741 4365 838 4434 sacris
856 4364 1004 4435 divorum
1022 4364 1172 4435 altaribus
1190 4373 1302 4456 auget:

474 4487 530 4558 llle
548 4496 639 4558 tener
656 4488 735 4557 ludit
752 4509 962 4579 praecurrens
981 4490 1086 4559 littore
1105 4488 1243 4570 conchis,

474 4612 560 4696 Quas
577 4611 732 4683 foecunda
750 4613 847 4684 maris
864 4614 948 4712 parit
966 4613 1060 4696 unda,
1080 4623 1111 4682 et
1129 4613 1219 4705 pellit
1237 4613 1270 4682 in
1287 4633 1395 4683 oram:

373 4800 380 4808 .
473 4737 636 4808 Interdum
656 4747 688 4808 et
706 4739 788 4808 sicca
808 4759 906 4830 quum
925 4738 1030 4809 lentus
1048 4739 1128 4808 ludit
1148 4744 1253 4820 arena,

474 4861 576 4932 Mater
595 4883 668 4930 eum
686 4861 814 4942 mulcet,
832 4861 966 4932 blandas
986 4873 1017 4934 et
1035 4863 1114 4933 tollit
1132 4864 1164 4932 in
1181 4864 1281 4932 ulnas.
