3440 5392
919 537 1072 584 tustanus

950 793 1041 856 XCIX

499 1060 567 1130 Non
587 1059 644 1130 alia
662 1057 756 1128 infido
774 1057 902 1127 suberat
920 1059 1072 1128 sententia
1090 1057 1212 1138 Mauro,

499 1184 560 1268 Qui
577 1183 735 1273 complere
752 1191 841 1273 parat
860 1181 1013 1273 quidquid
1032 1182 1103 1251 Dux
1122 1190 1208 1272 optat
1226 1191 1259 1252 et
1276 1191 1363 1264 oral;

499 1309 624 1378 Scilicet
642 1307 768 1378 hostiles
787 1308 921 1378 retinent
940 1327 976 1377 ea
995 1306 1099 1377 littora
1118 1315 1240 1397 gentes,

500 1434 597 1524 lmpia
616 1453 697 1524 quae
714 1433 815 1523 turpis
832 1432 1001 1503 lllahometi
1020 1433 1108 1523 signa
1126 1440 1314 1522 sequuntur.

499 1558 557 1627 llic
575 1565 664 1648 paral
681 1556 820 1638 insidias
839 1565 945 1627 movet
963 1576 1062 1638 arma,
1083 1565 1114 1626 et
1133 1556 1243 1626 lunera
1262 1565 1370 1626 tentat.

500 1682 584 1752 Haec
602 1681 798 1752 Mozamlrico
815 1703 889 1752 nam
905 1682 1026 1752 virilius
1044 1683 1144 1753 insula
1161 1681 1255 1774 longe

499 1807 689 1897 lmperiique
707 1807 820 1898 opibus
838 1815 986 1898 praestat,
1007 1828 1087 1899 quae
1106 1807 1218 1891 Quiloa
1237 1808 1320 1899 genti

500 1930 633 2012 Dicitur,
653 1931 755 2022 ampla
774 1932 859 2010 11111,
880 1931 1047 2012 celebrata,
1069 1940 1100 2001 et
1118 1933 1241 2021 cognita
1258 1931 1350 2002 lama.

984 2289 1006 2351 G

502 2553 653 2644 Coeperat
671 2554 734 2622 lruc
751 2553 858 2622 hilaris
873 2553 938 2643 jam
957 2553 1050 2622 lintea
1068 2560 1192 2622 vertere
1210 2551 1331 2635 classis;

501 2677 583 2748 Cum
601 2679 668 2758 dea,
690 2698 784 2767 quam
801 2676 901 2747 multo
919 2685 1107 2747 venerantur
1124 2677 1217 2746 thure
1236 2675 1383 2766 Cythera,

501 2804 695 2893 Prospiciens
713 2803 963 2884 mutassemus,
982 2822 1141 2892 cursuque
1159 2800 1282 2882 relicto,

501 2928 642 2998 lnlandas
661 2926 772 2996 caedes
791 2927 979 3016 inopinaque
998 2927 1057 2995 latu
1077 2926 1197 3008 subire,

501 3052 571 3122 Non
588 3053 706 3141 patitur
724 3053 860 3142 Lysiam,
882 3071 977 3142 quam
995 3051 1076 3121 miro
1096 3052 1225 3122 ardebat
1244 3071 1362 3132 amore,

501 3177 576 3246 Fata
595 3177 721 3268 indigna
739 3179 804 3268 pati
823 3175 1041 3269 peregrinum
1060 3175 1166 3246 littore
1185 3187 1323 3267 gentem.

501 3301 586 3389 Ergo
605 3301 680 3370 alios
698 3303 786 3372 classi
805 3311 914 3372 ventos
935 3301 1087 3380 immittit,
1107 3309 1137 3370 et
1154 3301 1227 3371 inde

502 3425 635 3507 Avertit,
656 3427 751 3497 lalsus
768 3429 867 3498 llectit
885 3447 947 3517 quo
965 3427 1034 3498 vela
1051 3427 1212 3518 magister.

981 3785 1019 3848 Cl

502 4047 641 4120 Perfidus
659 4059 690 4119 at
707 4049 836 4120 lllaurus
853 4055 926 4118 voto
945 4047 1085 4138 dejectus
1103 4049 1197 4129 inani,

503 4175 593 4259 Quod
611 4175 740 4246 minime
757 4183 879 4265 poterat
897 4173 999 4244 scelus
1017 4175 1100 4245 ultra
1118 4193 1235 4264 urgere
1253 4173 1432 4251 uelandum,

502 4297 604 4368 lllente
622 4298 705 4369 aliud
723 4308 827 4369 versat
845 4299 975 4380 lacinus
995 4309 1059 4368 tam
1077 4297 1195 4369 lraudis
1214 4299 1341 4390 iniquae

503 4421 718 4512 Propositique
736 4431 842 4505 lenam
862 4443 936 4493 mon
954 4422 1118 4513 improbus
1136 4421 1265 4502 addidit,
1285 4423 1378 4493 undis

502 4545 761 4636 Quandoquidem
779 4549 887 4617 relluis
904 4547 1034 4638 pelagus
1053 4548 1209 4639 depellere
1228 4569 1322 4618 naves

503 4672 633 4752 Littore,
653 4680 684 4741 et
700 4672 834 4744 ulterius
851 4673 949 4743 voluit
968 4681 1152 4744 convertere
1171 4695 1294 4756 cursus

502 4795 594 4865 Hand
611 4796 721 4885 procul
739 4817 807 4868 esse
825 4797 903 4868 alios
920 4806 1041 4888 portus
1064 4819 1143 4888 quos
1161 4799 1265 4869 dedita
1283 4797 1407 4868 Christo

503 4922 588 4992 Gens
606 4919 723 4990 halritat
741 4922 867 5010 partim,
887 4923 1001 5011 partim
1019 4941 1096 5012 gens
1113 4922 1223 4994 Maura
1241 4924 1428 5017 frequentat.
