3384 5372
953 451 1108 498 LI'SIADAE

914 751 918 758 .
978 666 1105 768 xxvrr'

536 966 668 1035 Lumina
686 969 747 1056 qua
765 967 876 1044 llectit,
896 968 1050 1072 primores
1069 968 1178 1058 aspicit
1196 969 1282 1038 orbis

536 1089 657 1159 Oblitos
675 1091 805 1180 patriae,
827 1111 921 1180 quam
939 1092 1023 1160 nulla
1042 1101 1089 1160 cst
1106 1112 1181 1161 curo
1200 1093 1320 1173 tuendi,
1393 1141 1398 1150 .

536 1215 597 1299 Qui
618 1224 769 1305 spernunt
788 1216 876 1296 alios
897 1225 1018 1284 tantum
1037 1237 1093 1314 sua
1113 1219 1276 1286 commoda
1295 1228 1427 1308 captant,

536 1340 636 1411 lusani
654 1351 686 1411 et
704 1342 832 1432 proprio
851 1342 950 1411 solum
970 1351 1140 1432 tanguntur
1159 1364 1276 1414 amore.

452 1507 458 1518 ι
536 1465 695 1555 Conspicit
714 1475 744 1535 et
762 1466 838 1536 alios
855 1467 978 1556 pallatio
996 1467 1079 1536 celsa
1098 1468 1245 1549 colentes,

536 1591 640 1660 Fucus
658 1590 838 1660 adulantum
858 1592 947 1680 queis
964 1592 1134 1680 perplacet,
1153 1601 1184 1662 et
1203 1593 1253 1682 pia
1271 1591 1409 1662 vendunt

536 1713 604 1784 Ceu
621 1713 807 1784 documenta
826 1714 925 1794 dolos,
946 1717 1137 1806 mentitaque
1156 1717 1295 1806 praemia
1314 1716 1451 1795 laudum,

536 1839 624 1922 Quae
644 1857 779 1928 purgare
798 1848 903 1908 vetant
921 1839 1032 1909 vitioso
1051 1841 1169 1910 semine
1188 1861 1295 1930 grana.

970 2201 1096 2264 XXlllll·

535 2459 643 2530 Conrit
660 2469 697 2530 ut
715 2461 848 2532 aetherei
868 2482 948 2554 quos
965 2463 1077 2533 debuit
1094 2463 1188 2534 ardor
1207 2465 1323 2536 amoris

534 2585 650 2667 Urere,
671 2605 777 2656 amare
795 2605 869 2655 suos
887 2586 983 2668 cives,
1003 2607 1188 2658 succurrere
1207 2589 1327 2678 egenis,

406 2781 408 2786 ,
534 2709 666 2778 Divitias
683 2710 785 2779 solum
804 2719 968 2801 quaerant,
988 2719 1019 2780 et
1038 2711 1173 2781 culmina
1190 2711 1346 2782 bonorum

535 2831 678 2922 Capteot,
695 2833 847 2924 justitiam
865 2834 1024 2917 simulent,
1044 2855 1211 2926 moresque
1229 2835 1374 2925 pudicos;

534 2957 579 3028 Ut
597 2957 669 3026 duri
689 2957 825 3048 ingenio,
846 2978 1018 3049 saevaeque
1038 2960 1211 3050 tyrannidis
1229 2961 1302 3040 iras,

533 3080 629 3162 luris,
650 3081 827 3163 mendaces
849 3092 880 3152 et
898 3083 976 3172 legis
995 3084 1122 3152 nomine
1140 3084 1318 3153 honestent:

534 3204 622 3288 Quae
639 3207 780 3296 placeant
799 3209 865 3296 regi
886 3208 972 3296 leges
990 3207 1166 3278 conduntur
1185 3209 1323 3299 iniquae,

534 3327 644 3401 Nullae
662 3350 743 3421 quae
760 3333 876 3422 populo
893 3333 1014 3421 prosint
1032 3333 1218 3424 iaveantque
1234 3333 1396 3423 benignae.

982 3692 1072 3753 xxix

534 3950 676 4041 Denique
695 3951 795 4020 cernit
814 3952 859 4020 uti
877 3973 969 4022 nemo
988 3952 1072 4043 quod
1091 3951 1184 4023 debet
1202 3974 1307 4023 amare

466 4049 469 4054 ¹
534 4075 602 4145 Hoc
620 4084 712 4156 amet,
733 4086 764 4145 at
783 4077 884 4146 solum
904 4078 986 4168 quod
1005 4077 1113 4147 suadet
1132 4078 1199 4148 dira
1219 4079 1331 4148 libido:

534 4199 644 4269 Debita
663 4221 726 4270 non
743 4203 861 4290 patitur
879 4203 1002 4271 Numen
1021 4211 1084 4271 tam
1100 4203 1184 4292 justa
1202 4205 1318 4274 morari

534 4325 704 4416 Supplicia,
726 4335 757 4395 et
776 4327 869 4415 longo
888 4327 1010 4396 dillerri
1030 4337 1170 4418 tempore
1189 4349 1316 4418 poenos.

532 4449 665 4538 Jamque
683 4470 756 4519 suos
776 4451 814 4519 ad
833 4452 920 4540 signa
937 4461 1026 4521 voco
1042 4453 1207 4544 jungitque
1226 4455 1396 4534 ministros,

533 4573 577 4644 Ut
595 4573 770 4660 conjuratas
791 4574 872 4643 acies
890 4576 920 4643 in
939 4577 1056 4664 praelia
1075 4577 1179 4657 ducat,

533 4698 621 4782 Quae
639 4699 699 4768 sibi
719 4720 791 4769 cum
809 4721 908 4790 pravo
926 4703 1043 4790 populo
1062 4703 1146 4772 videt
1163 4725 1232 4774 esse
1251 4704 1365 4783 lutura,

532 4823 676 4911 lmperiis
693 4824 719 4892 si
739 4825 819 4894 llera
838 4826 903 4895 suis
921 4827 997 4895 dare
1016 4829 1093 4895 colla
1111 4838 1245 4898 recuset.
