3440 5392
632 477 722 524 tiana
741 477 853 523 enruus

706 733 779 794 tlttt

243 999 301 1068 Ast
321 999 397 1066 haec
418 995 546 1066 coelesti
567 997 691 1085 penitus
710 996 786 1063 dum
805 998 881 1063 sede
902 1005 1067 1084 geruntur,

241 1123 310 1208 Qua
329 1131 415 1211 patet
434 1121 573 1190 aetherei
594 1121 709 1189 domus
727 1119 949 1208 omnipotentis
968 1118 1107 1209 Olympi,

242 1246 390 1316 Suloabat
409 1247 541 1336 pelagus
560 1265 637 1334 gens
655 1245 783 1326 Martia:
805 1265 924 1334 pronus
943 1244 1046 1314 Eoum

242 1371 312 1440 lam
330 1391 419 1440 mare
439 1371 615 1460 contigerat
635 1370 754 1439 devexo
773 1388 886 1438 cursus
905 1369 944 1438 ab
964 1367 1081 1438 Austro
1088 1392 1095 1450 ;

242 1496 324 1565 lline
343 1517 398 1566 ora
417 1494 610 1585 Aethiopum
630 1514 725 1585 quam
744 1494 805 1564 late
825 1495 1023 1576 extenditur;
1045 1495 1118 1562 indo

242 1621 357 1699 Insula,
378 1620 429 1689 oui
449 1619 548 1688 Diuus
567 1619 756 1688 Laurentius
775 1619 864 1687 addit
882 1617 1033 1688 honorem

241 1745 393 1825 Nomine;
415 1746 460 1813 sol
480 1743 596 1813 ardens
614 1744 727 1813 urebat
746 1743 884 1824 numina,
905 1746 1063 1842 quon-dam

242 1870 330 1952 Quae
350 1870 456 1960 pisces
477 1869 611 1938 fuerant.
633 1889 714 1957 quos
734 1868 847 1936 terruit
868 1889 1005 1958 aequore
1024 1867 1165 1958 Typhon.

697 2226 783 2286 Xlilll
837 2247 840 2254 ⁴

246 2490 311 2578 lpsa
331 2488 499 2557 ridebatur
518 2488 630 2556 elassis
650 2488 764 2555 dilerta
784 2487 927 2557 Tonanti.

243 2613 344 2696 Quam
364 2611 445 2682 hene
465 2625 529 2680 tam
550 2611 681 2700 placidis
701 2609 849 2679 alllahant
868 2611 971 2680 sidera
990 2613 1103 2686 uentis.

243 2736 367 2815 Pudor,
389 2747 421 2805 et
439 2734 524 2806 nulla
544 2735 678 2826 ealigine
698 2735 854 2814 conditus,
875 2735 984 2804 aether

244 2860 386 2950 Detergit
404 2860 569 2950 nubesque
588 2861 680 2950 polis,
703 2861 879 2950 animisque
898 2860 1060 2930 timorem:

244 2984 376 3075 Jamque
394 2985 472 3054 adeo
490 2985 595 3053 Prassi
614 2984 803 3074 superabant
823 2984 960 3053 eulmina
979 2985 1109 3066 montis;

244 3109 371 3178 littoris
390 3108 581 3200 Aethiopum
599 3109 761 3200 (Prassum
780 3112 888 3179 dixere
907 3108 1044 3201 priores)

244 3233 346 3302 Insula
363 3255 436 3304 oum
453 3235 557 3303 medio
576 3254 645 3304 sese
666 3255 802 3325 aequore
821 3235 955 3325 plurima
971 3245 1134 3316 monstrat,

244 3357 346 3440 Quam
365 3349 494 3427 tumidis
514 3368 628 3447 pontus
647 3358 854 3428 cirrumlluus
874 3361 960 3428 alluit
978 3360 1081 3429 undis.

695 3718 782 3781 del’

244 3979 401 4068 Vasquius
419 3979 469 4047 hic
489 3981 605 4047 ruentis
624 3988 783 4068 spectatus
804 3981 919 4050 tuliore
939 3984 1048 4050 llarna.

243 4100 304 4184 Qui
323 4121 422 4181 mare,
443 4104 495 4194 qui
517 4103 642 4182 lluotus,
664 4104 718 4192 qui
738 4104 823 4173 mille
841 4103 982 4193 pericula
1001 4109 1109 4181 tentat,

244 4223 372 4294 drduus
391 4226 598 4316 excelsusque
619 4227 722 4307 animi,
744 4229 795 4296 uui
814 4247 939 4317 semper
958 4227 1067 4296 amicis

243 4349 320 4418 Sors
340 4349 420 4418 lavet
439 4351 599 4439 auspiciis,
621 4360 652 4420 et
672 4351 777 4420 sidera
797 4360 867 4420 rota
887 4352 1067 4428 secundant,
1093 4385 1098 4396 ·

243 4471 399 4563 Colligere
418 4495 505 4544 arma
522 4485 618 4557 retat;
639 4497 772 4546 rausum
792 4477 993 4567 pretiumque
1012 4477 1151 4546 morandi

240 4597 311 4667 Nun
330 4599 426 4680 uidet,
448 4609 478 4669 et
497 4601 592 4670 nullis
609 4601 744 4672 habitari
764 4601 885 4670 rivihus
904 4622 995 4690 agros

241 4721 382 4791 iudicat:
400 4723 534 4794 ulterius
553 4745 664 4796 cursus
680 4725 839 4816 impellere
855 4725 963 4817 jussit3

241 4845 333 4914 lrrita
353 4849 408 4916 sed
430 4849 510 4916 cassi
532 4849 643 4918 recidit
664 4850 819 4918 sententia
840 4851 914 4918 uoti.
