<?xml version="1.0" encoding="UTF-8"?>
<!DOCTYPE html PUBLIC "-//W3C//DTD XHTML 1.0 Transitional//EN"
    "http://www.w3.org/TR/xhtml1/DTD/xhtml1-transitional.dtd">
<html xmlns="http://www.w3.org/1999/xhtml" xml:lang="en" lang="en">
 <head>
  <title>
</title>
<meta http-equiv="Content-Type" content="text/html;charset=utf-8" />
  <meta name='ocr-system' content='tesseract 3.04.00' />
  <meta name='ocr-capabilities' content='ocr_page ocr_carea ocr_par ocr_line ocrx_word'/>
</head>
<body>
  <div class='ocr_page' id='page_1' title='image "./alusiadadeluizd00deslgoog_0371.png"; bbox 0 0 3384 5372; ppageno 0'>
   <div class='ocr_carea' id='block_1_1' title="bbox 953 455 1106 502">
    <p class='ocr_par' dir='ltr' id='par_1_1' title="bbox 953 455 1106 502">
     <span class='ocr_line' id='line_1_1' title="bbox 953 455 1106 502; baseline -0.007 0"><span class='ocrx_word' id='word_1_1' title='bbox 953 455 1106 502; x_wconf 71' lang='lat' dir='ltr'>[cantuae</span> 
     </span>
    </p>
   </div>
   <div class='ocr_carea' id='block_1_2' title="bbox 968 713 1088 776">
    <p class='ocr_par' dir='ltr' id='par_1_2' title="bbox 968 713 1088 776">
     <span class='ocr_line' id='line_1_2' title="bbox 968 713 1088 776; baseline -0.017 0"><span class='ocrx_word' id='word_1_2' title='bbox 968 713 1088 776; x_wconf 82' lang='lat' dir='ltr'>xxtttx</span> 
     </span>
    </p>
   </div>
   <div class='ocr_carea' id='block_1_3' title="bbox 533 975 1392 1938">
    <p class='ocr_par' dir='ltr' id='par_1_3' title="bbox 533 975 1356 1440">
     <span class='ocr_line' id='line_1_3' title="bbox 535 975 1328 1066; baseline 0.005 -21"><span class='ocrx_word' id='word_1_3' title='bbox 535 975 576 1045; x_wconf 87' lang='lat' dir='ltr'>Et</span> <span class='ocrx_word' id='word_1_4' title='bbox 594 975 744 1066; x_wconf 80' lang='lat' dir='ltr'>(proniam</span> <span class='ocrx_word' id='word_1_5' title='bbox 763 975 899 1057; x_wconf 81' lang='lat' dir='ltr'><strong>fraudes,</strong></span> <span class='ocrx_word' id='word_1_6' title='bbox 920 976 1036 1046; x_wconf 85' lang='lat' dir='ltr'>inlestc</span> <span class='ocrx_word' id='word_1_7' title='bbox 1054 975 1184 1046; x_wconf 87' lang='lat' dir='ltr'>nmnine</span> <span class='ocrx_word' id='word_1_8' title='bbox 1201 975 1328 1049; x_wconf 79' lang='lat' dir='ltr'>bacchi.</span> 
     </span>
     <span class='ocr_line' id='line_1_4' title="bbox 534 1099 1317 1204; baseline -0.001 -34"><span class='ocrx_word' id='word_1_9' title='bbox 534 1099 684 1204; x_wconf 85' lang='lat' dir='ltr'>Indorum</span> <span class='ocrx_word' id='word_1_10' title='bbox 702 1101 824 1192; x_wconf 82' lang='lat' dir='ltr'>experti</span> <span class='ocrx_word' id='word_1_11' title='bbox 841 1121 955 1192; x_wconf 79' lang='lat' dir='ltr'>magna</span> <span class='ocrx_word' id='word_1_12' title='bbox 972 1111 1046 1172; x_wconf 92' lang='lat' dir='ltr'>sunt</span> <span class='ocrx_word' id='word_1_13' title='bbox 1063 1101 1144 1172; x_wconf 94' lang='lat' dir='ltr'>urbe</span> <span class='ocrx_word' id='word_1_14' title='bbox 1162 1111 1317 1180; x_wconf 83' lang='lat' dir='ltr'>recenter,</span> 
     </span>
     <span class='ocr_line' id='line_1_5' title="bbox 533 1223 1356 1316; baseline -0.006 -18"><span class='ocrx_word' id='word_1_15' title='bbox 533 1223 768 1316; x_wconf 79' lang='lat' dir='ltr'>Undivagique,</span> <span class='ocrx_word' id='word_1_16' title='bbox 787 1227 885 1295; x_wconf 90' lang='lat' dir='ltr'>maris</span> <span class='ocrx_word' id='word_1_17' title='bbox 903 1226 1084 1297; x_wconf 88' lang='lat' dir='ltr'>discrimim</span> <span class='ocrx_word' id='word_1_18' title='bbox 1102 1235 1187 1294; x_wconf 88' lang='lat' dir='ltr'>tanta</span> <span class='ocrx_word' id='word_1_19' title='bbox 1204 1225 1356 1304; x_wconf 73' lang='lat' dir='ltr'>oderunt,</span> 
     </span>
     <span class='ocr_line' id='line_1_6' title="bbox 533 1349 1270 1440; baseline -0.001 -20"><span class='ocrx_word' id='word_1_20' title='bbox 533 1349 575 1420; x_wconf 86' lang='lat' dir='ltr'>Et</span> <span class='ocrx_word' id='word_1_21' title='bbox 593 1351 684 1418; x_wconf 83' lang='lat' dir='ltr'>toties</span> <span class='ocrx_word' id='word_1_22' title='bbox 702 1369 853 1440; x_wconf 79' lang='lat' dir='ltr'>praesens</span> <span class='ocrx_word' id='word_1_23' title='bbox 871 1349 929 1419; x_wconf 88' lang='lat' dir='ltr'>luit</span> <span class='ocrx_word' id='word_1_24' title='bbox 947 1351 1008 1420; x_wconf 89' lang='lat' dir='ltr'>illis</span> <span class='ocrx_word' id='word_1_25' title='bbox 1026 1351 1138 1420; x_wconf 88' lang='lat' dir='ltr'>mortis</span> <span class='ocrx_word' id='word_1_26' title='bbox 1156 1351 1270 1439; x_wconf 84' lang='lat' dir='ltr'>imago,</span> 
     </span>
    </p>

    <p class='ocr_par' dir='ltr' id='par_1_4' title="bbox 533 1473 1392 1938">
     <span class='ocr_line' id='line_1_7' title="bbox 533 1473 1359 1566; baseline -0.002 -22"><span class='ocrx_word' id='word_1_27' title='bbox 533 1475 602 1544; x_wconf 92' lang='lat' dir='ltr'>lloc</span> <span class='ocrx_word' id='word_1_28' title='bbox 620 1475 689 1566; x_wconf 88' lang='lat' dir='ltr'>ipso</span> <span class='ocrx_word' id='word_1_29' title='bbox 706 1474 808 1565; x_wconf 79' lang='lat' dir='ltr'>placet</span> <span class='ocrx_word' id='word_1_30' title='bbox 826 1477 858 1544; x_wconf 92' lang='lat' dir='ltr'>in</span> <span class='ocrx_word' id='word_1_31' title='bbox 877 1475 998 1566; x_wconf 83' lang='lat' dir='ltr'>pelago,</span> <span class='ocrx_word' id='word_1_32' title='bbox 1019 1474 1104 1564; x_wconf 89' lang='lat' dir='ltr'>quod</span> <span class='ocrx_word' id='word_1_33' title='bbox 1123 1493 1217 1564; x_wconf 87' lang='lat' dir='ltr'>saepe</span> <span class='ocrx_word' id='word_1_34' title='bbox 1235 1473 1359 1542; x_wconf 90' lang='lat' dir='ltr'>timoris</span> 
     </span>
     <span class='ocr_line' id='line_1_8' title="bbox 533 1597 1392 1690; baseline -0.007 -22"><span class='ocrx_word' id='word_1_35' title='bbox 533 1597 636 1668; x_wconf 83' lang='lat' dir='ltr'>Causa</span> <span class='ocrx_word' id='word_1_36' title='bbox 654 1597 723 1680; x_wconf 86' lang='lat' dir='ltr'>luit,</span> <span class='ocrx_word' id='word_1_37' title='bbox 742 1597 833 1668; x_wconf 86' lang='lat' dir='ltr'>iessis</span> <span class='ocrx_word' id='word_1_38' title='bbox 852 1599 995 1690; x_wconf 91' lang='lat' dir='ltr'>requiem</span> <span class='ocrx_word' id='word_1_39' title='bbox 1012 1599 1249 1687; x_wconf 84' lang='lat' dir='ltr'>hospitiumque</span> <span class='ocrx_word' id='word_1_40' title='bbox 1266 1617 1392 1688; x_wconf 88' lang='lat' dir='ltr'>parare:</span> 
     </span>
     <span class='ocr_line' id='line_1_9' title="bbox 534 1722 1310 1814; baseline -0.003 -22"><span class='ocrx_word' id='word_1_41' title='bbox 534 1722 621 1792; x_wconf 86' lang='lat' dir='ltr'>lusta</span> <span class='ocrx_word' id='word_1_42' title='bbox 639 1723 679 1792; x_wconf 89' lang='lat' dir='ltr'>sit</span> <span class='ocrx_word' id='word_1_43' title='bbox 696 1732 731 1792; x_wconf 94' lang='lat' dir='ltr'>ut</span> <span class='ocrx_word' id='word_1_44' title='bbox 749 1743 884 1806; x_wconf 89' lang='lat' dir='ltr'>merces,</span> <span class='ocrx_word' id='word_1_45' title='bbox 904 1733 936 1794; x_wconf 91' lang='lat' dir='ltr'>et</span> <span class='ocrx_word' id='word_1_46' title='bbox 955 1723 1053 1814; x_wconf 85' lang='lat' dir='ltr'>gloria</span> <span class='ocrx_word' id='word_1_47' title='bbox 1072 1723 1166 1813; x_wconf 84' lang='lat' dir='ltr'>digna</span> <span class='ocrx_word' id='word_1_48' title='bbox 1184 1722 1310 1801; x_wconf 90' lang='lat' dir='ltr'>laboris,</span> 
     </span>
     <span class='ocr_line' id='line_1_10' title="bbox 534 1846 1388 1938; baseline 0.002 -24"><span class='ocrx_word' id='word_1_49' title='bbox 534 1847 622 1932; x_wconf 90' lang='lat' dir='ltr'>Quae</span> <span class='ocrx_word' id='word_1_50' title='bbox 640 1848 739 1937; x_wconf 90' lang='lat' dir='ltr'>pariat</span> <span class='ocrx_word' id='word_1_51' title='bbox 758 1847 862 1932; x_wconf 70' lang='lat' dir='ltr'>dignis</span> <span class='ocrx_word' id='word_1_52' title='bbox 879 1867 993 1917; x_wconf 91' lang='lat' dir='ltr'>nomen</span> <span class='ocrx_word' id='word_1_53' title='bbox 1011 1846 1189 1938; x_wconf 74' lang='lat' dir='ltr'>famamque</span> <span class='ocrx_word' id='word_1_54' title='bbox 1206 1866 1388 1937; x_wconf 84' lang='lat' dir='ltr'>perennem.</span> 
     </span>
    </p>
   </div>
   <div class='ocr_carea' id='block_1_4' title="bbox 1004 2209 1055 2270">
    <p class='ocr_par' dir='ltr' id='par_1_5' title="bbox 1004 2209 1055 2270">
     <span class='ocr_line' id='line_1_11' title="bbox 1004 2209 1055 2270; baseline -0.039 0"><span class='ocrx_word' id='word_1_55' title='bbox 1004 2209 1055 2270; x_wconf 81' lang='lat' dir='ltr'>XL</span> 
     </span>
    </p>
   </div>
   <div class='ocr_carea' id='block_1_5' title="bbox 534 2468 1321 2684">
    <p class='ocr_par' dir='ltr' id='par_1_6' title="bbox 534 2468 1321 2684">
     <span class='ocr_line' id='line_1_12' title="bbox 534 2468 1256 2559; baseline 0 -21"><span class='ocrx_word' id='word_1_56' title='bbox 534 2469 688 2554; x_wconf 75' lang='lat' dir='ltr'>Quocirca</span> <span class='ocrx_word' id='word_1_57' title='bbox 706 2469 819 2540; x_wconf 75' lang='lat' dir='ltr'>vellent</span> <span class='ocrx_word' id='word_1_58' title='bbox 838 2480 909 2541; x_wconf 88' lang='lat' dir='ltr'>ante</span> <span class='ocrx_word' id='word_1_59' title='bbox 927 2471 990 2540; x_wconf 89' lang='lat' dir='ltr'>tuis</span> <span class='ocrx_word' id='word_1_60' title='bbox 1007 2469 1166 2559; x_wconf 77' lang='lat' dir='ltr'>conligere</span> <span class='ocrx_word' id='word_1_61' title='bbox 1185 2468 1256 2538; x_wconf 88' lang='lat' dir='ltr'>telis</span> 
     </span>
     <span class='ocr_line' id='line_1_13' title="bbox 534 2592 1321 2684; baseline -0.001 -20"><span class='ocrx_word' id='word_1_62' title='bbox 534 2593 695 2676; x_wconf 88' lang='lat' dir='ltr'>Nereidas,</span> <span class='ocrx_word' id='word_1_63' title='bbox 715 2595 829 2666; x_wconf 90' lang='lat' dir='ltr'>ducant</span> <span class='ocrx_word' id='word_1_64' title='bbox 846 2595 957 2666; x_wconf 87' lang='lat' dir='ltr'>crebra</span> <span class='ocrx_word' id='word_1_65' title='bbox 975 2603 1009 2664; x_wconf 92' lang='lat' dir='ltr'>ut</span> <span class='ocrx_word' id='word_1_66' title='bbox 1027 2594 1162 2684; x_wconf 91' lang='lat' dir='ltr'>suspiria</span> <span class='ocrx_word' id='word_1_67' title='bbox 1177 2592 1321 2672; x_wconf 85' lang='lat' dir='ltr'>blandae,</span> 
     </span>
    </p>
   </div>
   <div class='ocr_carea' id='block_1_6' title="bbox 532 2719 1371 3434">
    <p class='ocr_par' dir='ltr' id='par_1_7' title="bbox 533 2719 1320 2812">
     <span class='ocr_line' id='line_1_14' title="bbox 533 2719 1320 2812; baseline -0.006 -22"><span class='ocrx_word' id='word_1_68' title='bbox 533 2719 730 2812; x_wconf 82' lang='lat' dir='ltr'>Ardentique</span> <span class='ocrx_word' id='word_1_69' title='bbox 748 2741 858 2790; x_wconf 89' lang='lat' dir='ltr'>omnes</span> <span class='ocrx_word' id='word_1_70' title='bbox 875 2720 1032 2790; x_wconf 86' lang='lat' dir='ltr'>husomm</span> <span class='ocrx_word' id='word_1_71' title='bbox 1049 2727 1185 2788; x_wconf 90' lang='lat' dir='ltr'>urantur</span> <span class='ocrx_word' id='word_1_72' title='bbox 1202 2737 1320 2796; x_wconf 87' lang='lat' dir='ltr'>amore,</span> 
     </span>
    </p>

    <p class='ocr_par' dir='ltr' id='par_1_8' title="bbox 532 2841 1320 3060">
     <span class='ocr_line' id='line_1_15' title="bbox 533 2841 1320 2935; baseline -0.01 -19"><span class='ocrx_word' id='word_1_73' title='bbox 533 2843 563 2916; x_wconf 83' lang='grc' dir='ltr'>Α</span> <span class='ocrx_word' id='word_1_74' title='bbox 581 2843 695 2934; x_wconf 88' lang='lat' dir='ltr'>quibus</span> <span class='ocrx_word' id='word_1_75' title='bbox 713 2845 839 2935; x_wconf 85' lang='lat' dir='ltr'>ignotus</span> <span class='ocrx_word' id='word_1_76' title='bbox 855 2863 956 2934; x_wconf 84' lang='lat' dir='ltr'>nuper</span> <span class='ocrx_word' id='word_1_77' title='bbox 970 2843 1036 2934; x_wconf 80' lang='lat' dir='ltr'>jam</span> <span class='ocrx_word' id='word_1_78' title='bbox 1053 2842 1202 2934; x_wconf 82' lang='lat' dir='ltr'>panditur</span> <span class='ocrx_word' id='word_1_79' title='bbox 1219 2841 1320 2912; x_wconf 89' lang='lat' dir='ltr'>orbis:</span> 
     </span>
     <span class='ocr_line' id='line_1_16' title="bbox 532 2968 1164 3060; baseline 0 -22"><span class='ocrx_word' id='word_1_80' title='bbox 532 2968 604 3038; x_wconf 90' lang='lat' dir='ltr'>lllas</span> <span class='ocrx_word' id='word_1_81' title='bbox 623 2971 754 3060; x_wconf 79' lang='lat' dir='ltr'>accipiet</span> <span class='ocrx_word' id='word_1_82' title='bbox 772 2970 923 3039; x_wconf 83' lang='lat' dir='ltr'>formosas</span> <span class='ocrx_word' id='word_1_83' title='bbox 941 2968 1058 3039; x_wconf 86' lang='lat' dir='ltr'>Doride</span> <span class='ocrx_word' id='word_1_84' title='bbox 1076 2975 1164 3038; x_wconf 90' lang='lat' dir='ltr'>natas</span> 
     </span>
    </p>

    <p class='ocr_par' dir='ltr' id='par_1_9' title="bbox 533 3092 1371 3434">
     <span class='ocr_line' id='line_1_17' title="bbox 533 3092 1339 3184; baseline -0.001 -23"><span class='ocrx_word' id='word_1_85' title='bbox 533 3092 648 3174; x_wconf 89' lang='lat' dir='ltr'>lnsula,</span> <span class='ocrx_word' id='word_1_86' title='bbox 668 3113 762 3184; x_wconf 93' lang='lat' dir='ltr'>quam</span> <span class='ocrx_word' id='word_1_87' title='bbox 780 3093 892 3164; x_wconf 92' lang='lat' dir='ltr'>mediis</span> <span class='ocrx_word' id='word_1_88' title='bbox 909 3093 1004 3164; x_wconf 86' lang='lat' dir='ltr'>statui</span> <span class='ocrx_word' id='word_1_89' title='bbox 1019 3093 1086 3184; x_wconf 87' lang='lat' dir='ltr'>jam</span> <span class='ocrx_word' id='word_1_90' title='bbox 1103 3101 1210 3163; x_wconf 91' lang='lat' dir='ltr'>mente</span> <span class='ocrx_word' id='word_1_91' title='bbox 1228 3110 1339 3182; x_wconf 87' lang='lat' dir='ltr'>parare</span> 
     </span>
     <span class='ocr_line' id='line_1_18' title="bbox 537 3215 1355 3308; baseline -0.006 -20"><span class='ocrx_word' id='word_1_92' title='bbox 537 3215 636 3288; x_wconf 94' lang='lat' dir='ltr'>Undis</span> <span class='ocrx_word' id='word_1_93' title='bbox 653 3216 779 3298; x_wconf 88' lang='lat' dir='ltr'>Oceani,</span> <span class='ocrx_word' id='word_1_94' title='bbox 800 3217 952 3287; x_wconf 89' lang='lat' dir='ltr'>decorent</span> <span class='ocrx_word' id='word_1_95' title='bbox 970 3237 1064 3308; x_wconf 93' lang='lat' dir='ltr'>quam</span> <span class='ocrx_word' id='word_1_96' title='bbox 1081 3237 1215 3288; x_wconf 90' lang='lat' dir='ltr'>munera</span> <span class='ocrx_word' id='word_1_97' title='bbox 1233 3216 1355 3294; x_wconf 88' lang='lat' dir='ltr'>Florae,</span> 
     </span>
     <span class='ocr_line' id='line_1_19' title="bbox 534 3340 1371 3434; baseline -0.002 -24"><span class='ocrx_word' id='word_1_98' title='bbox 534 3340 633 3431; x_wconf 84' lang='lat' dir='ltr'>Cujus</span> <span class='ocrx_word' id='word_1_99' title='bbox 652 3350 683 3412; x_wconf 90' lang='lat' dir='ltr'>et</span> <span class='ocrx_word' id='word_1_100' title='bbox 700 3363 774 3412; x_wconf 90' lang='lat' dir='ltr'>arva</span> <span class='ocrx_word' id='word_1_101' title='bbox 791 3343 885 3414; x_wconf 87' lang='lat' dir='ltr'>beent</span> <span class='ocrx_word' id='word_1_102' title='bbox 902 3343 1037 3434; x_wconf 84' lang='lat' dir='ltr'>Zephyri</span> <span class='ocrx_word' id='word_1_103' title='bbox 1056 3341 1258 3434; x_wconf 82' lang='lat' dir='ltr'>surgentibus</span> <span class='ocrx_word' id='word_1_104' title='bbox 1276 3341 1371 3411; x_wconf 92' lang='lat' dir='ltr'>auris.</span> 
     </span>
    </p>
   </div>
   <div class='ocr_carea' id='block_1_7' title="bbox 997 3703 1059 3764">
    <p class='ocr_par' dir='ltr' id='par_1_10' title="bbox 997 3703 1059 3764">
     <span class='ocr_line' id='line_1_20' title="bbox 997 3703 1059 3764; baseline 0 0"><span class='ocrx_word' id='word_1_105' title='bbox 997 3703 1059 3764; x_wconf 88' lang='lat' dir='ltr'>llLl</span> 
     </span>
    </p>
   </div>
   <div class='ocr_carea' id='block_1_8' title="bbox 530 3962 1405 4926">
    <p class='ocr_par' dir='ltr' id='par_1_11' title="bbox 533 3962 1196 4035">
     <span class='ocr_line' id='line_1_21' title="bbox 533 3962 1196 4035; baseline 0.003 -3"><span class='ocrx_word' id='word_1_106' title='bbox 533 3962 599 4032; x_wconf 89' lang='lat' dir='ltr'>lllic</span> <span class='ocrx_word' id='word_1_107' title='bbox 616 3963 767 4034; x_wconf 87' lang='lat' dir='ltr'>Lusiades</span> <span class='ocrx_word' id='word_1_108' title='bbox 786 3983 909 4034; x_wconf 86' lang='lat' dir='ltr'>mensas</span> <span class='ocrx_word' id='word_1_109' title='bbox 926 3973 958 4035; x_wconf 91' lang='lat' dir='ltr'>et</span> <span class='ocrx_word' id='word_1_110' title='bbox 976 3965 1095 4035; x_wconf 78' lang='lat' dir='ltr'>fercula</span> <span class='ocrx_word' id='word_1_111' title='bbox 1111 3965 1196 4034; x_wconf 93' lang='lat' dir='ltr'>mille</span> 
     </span>
    </p>

    <p class='ocr_par' dir='ltr' id='par_1_12' title="bbox 531 4086 1405 4552">
     <span class='ocr_line' id='line_1_22' title="bbox 532 4086 1263 4168; baseline 0.001 -12"><span class='ocrx_word' id='word_1_112' title='bbox 532 4087 694 4158; x_wconf 79' lang='lat' dir='ltr'>Invenient</span> <span class='ocrx_word' id='word_1_113' title='bbox 711 4086 794 4168; x_wconf 90' lang='lat' dir='ltr'>laeti,</span> <span class='ocrx_word' id='word_1_114' title='bbox 814 4097 846 4159; x_wconf 90' lang='grc'>31</span> <span class='ocrx_word' id='word_1_115' title='bbox 863 4096 971 4159; x_wconf 89' lang='lat' dir='ltr'>nectar</span> <span class='ocrx_word' id='word_1_116' title='bbox 988 4087 1160 4159; x_wconf 90' lang='lat' dir='ltr'>redolentia</span> <span class='ocrx_word' id='word_1_117' title='bbox 1176 4089 1263 4168; x_wconf 84' lang='lat' dir='ltr'>vina;</span> 
     </span>
     <span class='ocr_line' id='line_1_23' title="bbox 532 4212 1302 4304; baseline 0 -22"><span class='ocrx_word' id='word_1_118' title='bbox 532 4213 755 4304; x_wconf 86' lang='lat' dir='ltr'>lnvenientque</span> <span class='ocrx_word' id='word_1_119' title='bbox 774 4233 860 4283; x_wconf 90' lang='lat' dir='ltr'>rosas</span> <span class='ocrx_word' id='word_1_120' title='bbox 878 4215 957 4284; x_wconf 91' lang='lat' dir='ltr'>aulis</span> <span class='ocrx_word' id='word_1_121' title='bbox 974 4214 1127 4304; x_wconf 89' lang='lat' dir='ltr'>tectisque</span> <span class='ocrx_word' id='word_1_122' title='bbox 1145 4212 1302 4304; x_wconf 89' lang='lat' dir='ltr'>superbis,</span> 
     </span>
     <span class='ocr_line' id='line_1_24' title="bbox 531 4335 1405 4429; baseline 0 -23"><span class='ocrx_word' id='word_1_123' title='bbox 531 4337 683 4408; x_wconf 89' lang='lat' dir='ltr'>Pulchms</span> <span class='ocrx_word' id='word_1_124' title='bbox 702 4345 734 4406; x_wconf 90' lang='grc'>31</span> <span class='ocrx_word' id='word_1_125' title='bbox 751 4336 914 4418; x_wconf 91' lang='lat' dir='ltr'>thalamos,</span> <span class='ocrx_word' id='word_1_126' title='bbox 934 4338 1025 4429; x_wconf 88' lang='lat' dir='ltr'>queis</span> <span class='ocrx_word' id='word_1_127' title='bbox 1042 4335 1143 4406; x_wconf 92' lang='lat' dir='ltr'>multo</span> <span class='ocrx_word' id='word_1_128' title='bbox 1160 4336 1321 4426; x_wconf 87' lang='lat' dir='ltr'>pulchrior</span> <span class='ocrx_word' id='word_1_129' title='bbox 1338 4338 1405 4426; x_wconf 90' lang='lat' dir='ltr'>ipsa</span> 
     </span>
     <span class='ocr_line' id='line_1_25' title="bbox 532 4459 1175 4552; baseline -0.002 -22"><span class='ocrx_word' id='word_1_130' title='bbox 532 4459 649 4530; x_wconf 91' lang='lat' dir='ltr'>Oceani</span> <span class='ocrx_word' id='word_1_131' title='bbox 666 4461 772 4552; x_wconf 90' lang='lat' dir='ltr'>proles</span> <span class='ocrx_word' id='word_1_132' title='bbox 790 4462 874 4532; x_wconf 90' lang='lat' dir='ltr'>inter</span> <span class='ocrx_word' id='word_1_133' title='bbox 891 4469 936 4531; x_wconf 93' lang='lat' dir='ltr'>tot</span> <span class='ocrx_word' id='word_1_134' title='bbox 954 4461 1034 4530; x_wconf 90' lang='lat' dir='ltr'>mira</span> <span class='ocrx_word' id='word_1_135' title='bbox 1052 4460 1175 4541; x_wconf 89' lang='lat' dir='ltr'>nitebit,</span> 
     </span>
    </p>

    <p class='ocr_par' dir='ltr' id='par_1_13' title="bbox 530 4584 1361 4926">
     <span class='ocr_line' id='line_1_26' title="bbox 532 4584 1305 4676; baseline 0.001 -22"><span class='ocrx_word' id='word_1_136' title='bbox 532 4585 629 4670; x_wconf 88' lang='lat' dir='ltr'>Quae,</span> <span class='ocrx_word' id='word_1_137' title='bbox 650 4584 773 4656; x_wconf 91' lang='lat' dir='ltr'>blandis</span> <span class='ocrx_word' id='word_1_138' title='bbox 790 4586 861 4656; x_wconf 90' lang='lat' dir='ltr'>telis</span> <span class='ocrx_word' id='word_1_139' title='bbox 878 4605 1029 4676; x_wconf 88' lang='lat' dir='ltr'>percusso</span> <span class='ocrx_word' id='word_1_140' title='bbox 1046 4595 1184 4676; x_wconf 88' lang='lat' dir='ltr'>pectore,</span> <span class='ocrx_word' id='word_1_141' title='bbox 1203 4586 1305 4655; x_wconf 89' lang='lat' dir='ltr'>Lusos</span> 
     </span>
     <span class='ocr_line' id='line_1_27' title="bbox 530 4708 1295 4799; baseline 0.004 -22"><span class='ocrx_word' id='word_1_142' title='bbox 530 4708 691 4778; x_wconf 87' lang='lat' dir='ltr'>llleeebris</span> <span class='ocrx_word' id='word_1_143' title='bbox 710 4718 814 4779; x_wconf 86' lang='lat' dir='ltr'>teneat</span> <span class='ocrx_word' id='word_1_144' title='bbox 832 4712 888 4792; x_wconf 87' lang='lat' dir='ltr'>sic,</span> <span class='ocrx_word' id='word_1_145' title='bbox 911 4718 946 4779; x_wconf 91' lang='lat' dir='ltr'>ut</span> <span class='ocrx_word' id='word_1_146' title='bbox 964 4709 1165 4780; x_wconf 90' lang='lat' dir='ltr'>blandissima</span> <span class='ocrx_word' id='word_1_147' title='bbox 1183 4718 1295 4799; x_wconf 91' lang='lat' dir='ltr'>sponte</span> 
     </span>
     <span class='ocr_line' id='line_1_28' title="bbox 531 4833 1361 4926; baseline 0 -26"><span class='ocrx_word' id='word_1_148' title='bbox 531 4833 683 4921; x_wconf 86' lang='lat' dir='ltr'>Quaeque</span> <span class='ocrx_word' id='word_1_149' title='bbox 702 4851 759 4902; x_wconf 92' lang='lat' dir='ltr'>suo</span> <span class='ocrx_word' id='word_1_150' title='bbox 778 4853 811 4902; x_wconf 90' lang='lat' dir='ltr'>se</span> <span class='ocrx_word' id='word_1_151' title='bbox 830 4833 943 4916; x_wconf 88' lang='lat' dir='ltr'>tradat,</span> <span class='ocrx_word' id='word_1_152' title='bbox 963 4834 1071 4926; x_wconf 90' lang='lat' dir='ltr'>nilque</span> <span class='ocrx_word' id='word_1_153' title='bbox 1091 4845 1216 4904; x_wconf 90' lang='lat' dir='ltr'>recuset</span> <span class='ocrx_word' id='word_1_154' title='bbox 1234 4836 1361 4903; x_wconf 91' lang='lat' dir='ltr'>amanti.</span> 
     </span>
    </p>
   </div>
   <div class='ocr_carea' id='block_1_9' title="bbox 0 0 1696 5372">
    <p class='ocr_par' dir='ltr' id='par_1_14' title="bbox 0 0 1696 5372">
     <span class='ocr_line' id='line_1_29' title="bbox 0 0 1696 5372; baseline 0 1"><span class='ocrx_word' id='word_1_155' title='bbox 0 0 1696 5372; x_wconf 95' lang='lat' dir='ltr'> </span> 
     </span>
    </p>
   </div>
  </div>
 </body>
</html>
