3384 5372
922 475 1076 521 tt'stnnnn

506 991 629 1061 Dicitur
648 991 697 1060 hic
716 1000 837 1082 portrrs,
856 992 982 1082 vulgato
1000 992 1138 1071 nomine,
1158 989 1249 1072 Gida,

506 1115 641 1186 Maxima
657 1115 712 1184 nbi
732 1115 831 1184 Rubri
849 1115 954 1204 Peingi
974 1115 1164 1185 commercia
1183 1115 1311 1184 florent:

507 1239 575 1309 Hoc
593 1260 630 1309 ex
650 1242 791 1330 emporio
810 1248 953 1308 crescunt
974 1241 1109 1328 ingentia
1129 1239 1216 1308 luera

506 1364 553 1434 nti
572 1365 626 1455 qui
645 1367 733 1454 regni
752 1373 873 1446 tractat,
894 1365 1053 1445 SuitanuS,
1072 1364 1240 1434 habenas:

507 1489 588 1558 Hinc
605 1491 744 1570 ueniunt,
766 1511 878 1580 magna
896 1491 1050 1559 sulcantes
1068 1509 1204 1580 aequora
1223 1491 1331 1572 classe,

507 1612 639 1694 Numae,
660 1613 782 1682 diritius
801 1613 884 1682 aridi
904 1614 970 1684 sine
988 1613 1050 1682 fine
1069 1614 1210 1704 parandi,
1238 1611 1244 1624 '

507 1737 665 1809 Mercibus
684 1747 717 1807 ut
736 1759 859 1808 merces
877 1747 1012 1817 mutent,
1032 1737 1218 1818 vendantra
1240 1737 1413 1829 quotannis:

507 1861 652 1953 Utraque
671 1883 746 1954 gens
764 1864 862 1954 pactis
880 1863 1026 1934 concordi
1045 1863 1170 1934 foedere
1188 1863 1344 1933 adhaeret.

987 2221 1023 2286 ii*

509 2483 635 2554 Scilicet
652 2484 708 2554 has
726 2483 827 2555 Mauri
846 2483 1014 2574 sperabant
1032 2485 1129 2555 adore
1145 2505 1267 2576 puppes

510 2608 596 2693 Quae
613 2608 743 2698 possint,
764 2616 799 2677 ut
817 2628 948 2696 magnae
966 2617 997 2677 et
1016 2608 1122 2691 forteS,
1143 2629 1238 2679 urere
1255 2609 1387 2678 ilarnmis
1416 2613 1422 2626 '

510 2731 648 2802 Classem
666 2733 826 2812 lusiacarn,
846 2752 927 2822 quae
943 2753 1026 2802 nunc
1044 2733 1232 2803 commercia
1249 2734 1370 2824 quaerit

509 2857 606 2937 Talia,
628 2858 716 2947 queis
734 2857 816 2926 soliti
835 2856 956 2926 fuerant
974 2857 1128 2927 ditescere
1146 2857 1220 2927 soli:

510 2980 582 3051 lilos
600 2979 705 3049 auxilii
724 2979 838 3049 fidncia
858 2989 940 3050 tanta
959 2980 1097 3064 tenebat,

510 3105 554 3177 Ut
572 3106 615 3174 nil
634 3127 666 3195 rn
684 3107 784 3174 Lusos
802 3105 883 3174 ultra
903 3106 1092 3177 contendero
1110 3107 1236 3186 velient,

511 3227 654 3298 Contenti
673 3250 769 3298 nares
786 3229 859 3298 inda
878 3233 1009 3299 statione
1029 3231 1157 3311 niorari,

510 3353 617 3424 Donec
636 3359 673 3425 ed
691 3355 795 3425 Menae
815 3355 940 3424 veniant
959 3375 976 3424 e
996 3355 1100 3425 littore
1118 3375 1251 3446 puppes,

906 3699 1017 3776 Ὗ,

511 3978 646 4047 Humani
665 3986 696 4047 at
714 3987 818 4047 rector
837 3979 955 4069 populi,
976 3978 1184 4066 dominusque
1202 3995 1382 4065 supremus,

510 4101 571 4186 Qui
590 4121 794 4192 quoscunque
812 4103 888 4170 volit
907 4111 1009 4170 certos
1027 4100 1085 4170 sibi
1104 4117 1229 4168 surnerc
1247 4099 1337 4180 finos,

510 4229 616 4316 Longe
635 4226 770 4316 disponit
789 4247 895 4296 carnus
913 4245 948 4294 ac
967 4225 1094 4303 senuna,
1116 4231 1147 4292 et
1166 4232 1236 4313 apte

511 4351 654 4432 ordinat,
675 4361 710 4420 ut
729 4372 854 4438 semper
872 4369 951 4439 quaa
968 4349 1035 4417 vult
1054 4356 1165 4417 eventa
1184 4357 1367 4437 sequantur,
1492 4403 1495 4413 i

511 4477 649 4546 Arcanos
668 4497 777 4546 sensus
795 4474 917 4564 pietatis
936 4483 1062 4563 pectore
1076 4473 1178 4542 inauri

510 4601 663 4674 Monsaidi
681 4601 804 4680 excivit,
826 4619 920 4689 quern
939 4600 1093 4688 tuncjam
1112 4599 1226 4688 diligit,
1245 4597 1330 4666 ultro

511 4727 555 4798 Ut
575 4727 706 4795 Gaurana
724 4725 861 4814 tortique
880 4725 943 4794 doli
963 4725 1090 4814 votique
1110 4731 1262 4803 moneret,

513 4851 616 4940 Atque
636 4849 696 4918 hoc
714 4870 772 4938 pro
790 4851 904 4918 nierito
924 4857 1046 4938 pareret
1066 4849 1124 4917 sibi
1143 4868 1274 4917 munera
1294 4847 1384 4916 coeii.

695 5111 704 5152 i
