3440 5392
901 439 1053 486 LUSlelel

916 695 1037 758 XXXIX

480 958 561 1028 Nam
580 958 606 1027 si
622 956 731 1046 judieii
750 955 830 1025 ioret
847 956 1029 1026 inconeussa
1047 964 1202 1046 potestas,

480 1081 522 1150 Et
540 1081 626 1150 nullo
644 1081 724 1150 ratio
743 1089 924 1170 quateretur
942 1079 1021 1149 vieta
1040 1079 1165 1160 timore,

479 1206 643 1277 Debuerat
661 1205 746 1296 genti
764 1205 875 1294 Lysiae
893 1202 1050 1274 studuisse
1068 1205 1202 1294 Lyaeum

480 1330 744 1420 Quandoquidem
762 1331 825 1398 cari
844 1347 944 1418 genus
962 1336 1009 1397 est
1027 1349 1044 1398 a
1062 1328 1210 1418 sanguine
1229 1328 1315 1397 Lusi.

480 1455 571 1524 Irrita
590 1474 674 1524 nuno
693 1455 790 1544 igitur
807 1462 929 1524 maneat
948 1453 1099 1523 sententia
1117 1452 1246 1534 Baoohi3

481 1580 583 1665 Quam
601 1599 663 1649 non
679 1578 752 1669 jura
770 1577 887 1662 iemnt,
907 1577 962 1648 sed
981 1597 1070 1648 mens
1087 1579 1201 1668 agitata
1219 1576 1340 1660 lurore;

483 1702 575 1774 Haud
593 1724 733 1795 unquam
751 1705 865 1795 poterit
883 1723 964 1795 quae
984 1703 1122 1793 praemia
1141 1703 1274 1794 quisque
1292 1711 1443 1784 meretur,

483 1827 524 1898 Et
543 1828 658 1918 Superi
677 1821 802 1908 donant,
823 1829 942 1898 alienus
960 1826 1070 1896 tollere
1088 1826 1178 1895 liuor.

949 2185 1001 2248 XL

481 2449 545 2521 Neo
565 2458 600 2520 tu
617 2469 729 2540 magne
746 2449 852 2529 Pater,
871 2449 921 2519 oui
940 2468 1075 2530 summa,
1096 2449 1271 2540 invictaque
1290 2451 1401 2532 virtus,

481 2573 572 2658 Quod
590 2573 687 2644 semel
705 2563 855 2644 aeternae¹
867 2574 1000 2644 statuisti
1017 2572 1158 2664 pondere
1176 2574 1302 2655 mentis,

482 2697 644 2789 Proposito
663 2699 777 2770 desiste
795 2707 861 2780 tuo,
881 2719 953 2770 nam
970 2700 1098 2770 numine
1116 2707 1203 2768 tanto

479 2823 645 2914 Indignum
663 2823 756 2893 luerit
775 2824 933 2894 deuictum
951 2823 1102 2894 absistere
1120 2832 1240 2916 coepto.

479 2947 581 3027 Nune,
602 2969 673 3038 age;
694 2948 871 3019 Mercurius
888 2947 1052 3040 (quoniam
1069 2950 1206 3018 velocior
1225 2950 1275 3018 ille
1294 2956 1341 3018 est

479 3069 521 3140 Et
539 3070 633 3140 celeri
651 3081 753 3153 vento,
776 3081 806 3141 et
825 3082 935 3142 ventos
952 3071 1088 3142 findente
1107 3071 1245 3164 sagitta)

480 3194 604 3276 Euolet,
624 3194 674 3264 hio
693 3204 845 3265 monstret
863 3195 1005 3285 populos,
1027 3196 1081 3265 ubi
1099 3205 1183 3266 certa
1201 3199 1361 3287 requirant

479 3317 545 3388 an
565 3318 605 3387 de
623 3327 726 3408 gente,
746 3327 903 3410 ratesque,
922 3329 954 3390 et
971 3339 1103 3410 eorpora
1121 3329 1240 3390 curent.

944 3678 1007 3740 XLl

482 3939 582 4008 Dixit:
602 3937 644 4010 At
663 3936 878 4029 Omnipotens,
898 3941 952 4030 qui
971 3939 1081 4031 sydera
1098 3941 1214 4011 uertioe
1233 3949 1369 4031 torquet,

478 4062 607 4146 Annuit,
628 4073 659 4134 et
677 4065 785 4135 Martis
800 4063 969 4152 justissima
988 4063 1070 4136 diota
1088 4068 1222 4156 potentis

477 4188 658 4278 Excipiam,
679 4188 787 4258 hilaris
804 4187 940 4258 firmauit
957 4190 1096 4279 pondere
1114 4199 1219 4270 nutus,

478 4313 706 4404 Purpureoque
724 4333 833 4383 omnes
852 4314 989 4404 perfudit
1007 4324 1133 4385 nectare
1152 4315 1257 4385 Divos

477 4439 550 4510 Mox
569 4458 632 4529 qua
650 4437 798 4508 stellifero
817 4458 886 4509 sese
904 4440 953 4510 via
972 4442 1096 4510 tramite
1114 4441 1222 4531 pandit
1331 4489 1335 4496 -

478 4563 600 4642 Lantea,
622 4563 755 4652 quisque
773 4562 878 4632 Deum
896 4583 929 4633 se
946 4565 1091 4655 proripit,
1111 4573 1142 4633 et
1161 4585 1217 4634 sua
1235 4573 1313 4634 nutu

440 4731 448 4748 .
479 4684 601 4767 Ollinia,
621 4694 653 4755 et
671 4685 752 4756 llerro
771 4695 953 4757 reverenter
971 4686 1087 4756 vertice
1104 4697 1272 4777 praestant,

477 4809 575 4900 inque
594 4831 666 4880 suas
684 4810 800 4881 abeunt
817 4811 961 4882 distincto
980 4811 1086 4880 limine
1106 4811 1204 4882 sedes.
