3394 5372
590 499 680 545 tinen
698 497 830 553 orrrnrus

687 755 724 818 Vl

208 1017 281 1088 Mox
301 1017 499 1088 infoecundas
516 1018 687 1106 Massylum
705 1019 855 1109 liquimus
873 1037 955 1102 oras,
995 1023 996 1028 ’

208 1142 280 1225 Quo
297 1143 443 1233 proprias
460 1143 601 1234 pecudes
619 1143 804 1234 nzeneques
822 1145 928 1212 littore
945 1151 1094 1234 pascunt;

209 1265 293 1336 Gens
312 1267 363 1336 cui
382 1275 468 1336 terra
486 1276 580 1356 negat
598 1268 717 1337 vitreos
734 1267 861 1336 haurire
879 1267 1028 1357 liquores

208 1389 268 1460 Cui
285 1391 404 1480 pariter
423 1411 583 1482 nunquam
602 1407 788 1482 camporum
807 1392 944 1482 suppetit
963 1391 1071 1461 herba.

207 1513 292 1583 llaec
310 1513 427 1583 sterilis
445 1515 535 1604 regio
553 1522 600 1584 est
619 1515 713 1583 nullis
731 1509 762 1584 et
781 1515 934 1584 lructihus
952 1523 1035 1604 apta,

206 1637 330 1708 Durum
348 1639 402 1708 ubi
420 1617 639 1709 comminuunt
657 1640 802 1709 volucres
820 1640 850 1708 in
870 1641 992 1710 viscere
1009 1639 1139 1722 sermm,

205 1761 325 1831 Rerum
343 1761 399 1832 ubi
419 1764 585 1852 pauperies
603 1771 786 1831 cunctarum
805 1772 947 1832 extrema
964 1772 1103 1833 notatur:

205 1887 335 1956 Tractus
353 1887 403 1956 hic
422 1887 593 1978 Aethiopas
612 1888 789 1958 Poenorum
808 1888 919 1958 dividit
938 1891 1031 1959 arvis.

674 2247 723 2310 vll

202 2509 382 2580 Transimus
400 2518 517 2579 metam
536 2513 732 2600 postremum
750 2509 893 2600 lampade
911 2510 1022 2580 lustrat

200 2633 303 2716 Quam
321 2631 476 2713 Phoebus,
497 2633 632 2723 gelidam
651 2625 764 2702 currus
783 2653 856 2701 cum
874 2632 971 2703 flectit
989 2633 1027 2703 ad
1044 2633 1172 2704 Arcton.

200 2757 259 2827 llic
277 2756 416 2826 habitant
435 2751 554 2848 papuli,
575 2757 741 2847 Clymenes
760 2777 838 2847 quies
855 2756 940 2826 filius
956 2757 1039 2838 albo,

199 2880 336 2961 luridus,
356 2881 440 2950 haud
458 2882 550 2970 tingit
568 2882 679 2971 pulcro
698 2889 851 2971 gratoque
869 2881 984 2950 colore.

200 3006 258 3076 Hic
276 3007 367 3096 rigat,
389 3006 439 3075 hic
457 3006 563 3076 foedas
582 3007 664 3076 lavat
683 3015 750 3075 atro
769 3005 899 3076 llumine
917 3014 1026 3096 gentes

198 3131 331 3220 Zanaga
352 3132 407 3220 qui
425 3131 551 3201 tandem
570 3151 603 3200 se
622 3141 747 3200 vastum
765 3131 898 3200 ellundit
917 3132 948 3200 in
967 3153 1095 3222 aequor.

199 3255 257 3325 llic
272 3255 347 3346 juga
366 3255 525 3346 deponunt
543 3264 634 3325 uetus
652 3256 814 3324 Arsinaria
832 3276 957 3338 nomen,

198 3379 296 3462 Queis
315 3379 398 3449 aliud
415 3379 533 3449 Viridis
551 3379 670 3470 Capitis
689 3401 765 3470 gens
784 3381 866 3450 Lusa
885 3382 1019 3471 reponit.

661 3737 723 3800 Vlll

195 4002 236 4071 Et
251 4001 317 4092 jam
336 4001 488 4082 Canariis,
510 4021 589 4091 quae
608 4002 706 4070 multa
724 4009 771 4070 est
790 4002 901 4082 insula,
923 4002 1015 4071 terris

195 4127 410 4206 Transmissis‚
433 4125 632 4218 (Fortunatas
650 4127 759 4196 dixere
777 4125 912 4228 priores)

96 4333 100 4339 ¹
195 4251 368 4341 Coepimus
387 4250 532 4340 Hesperii
552 4251 634 4320 senis
653 4251 735 4320 inter
753 4270 882 4320 currere
899 4258 1000 4330 natas

193 4376 265 4446 lllas
284 4371 474 4464 Hesperidas
491 4376 590 4465 patris
609 4374 649 4444 de
667 4374 794 4444 nomine
812 4374 921 4444 dictas.

193 4499 292 4584 Queis
311 4507 436 4568 nostrae
455 4499 604 4588 appulsae
622 4497 738 4568 classes
756 4496 939 4588 regionibus
957 4497 1032 4567 olim

192 4623 311 4692 Videre
329 4621 477 4693 attonitae
496 4643 605 4691 rernm
623 4631 807 4712 argumenta
825 4641 990 4690 nevarum.

192 4749 253 4818 llic
271 4747 380 4837 igitur,
400 4747 482 4816 nacti
501 4746 603 4816 felicia
622 4746 759 4828 flamina,
780 4753 910 4836 partum

192 4873 356 4962 Cepimus,
377 4880 411 4940 ut
429 4871 527 4942 lassae
548 4872 673 4941 veniunt
685 4851 771 4941 Ι1111111
790 4870 905 4961 pabula
923 4871 1022 4940 classi.
