3384 5370
586 500 677 547 nrnnn
695 499 826 548 rnnrrus

665 755 740 820 XLll

208 1018 270 1088 Sed
285 1018 350 1120 jam
368 1017 498 1108 lysiacas
515 1016 597 1088 acies
614 1017 793 1109 Alphonsus
810 1019 933 1110 agebat,

207 1141 318 1212 Sidere
336 1141 418 1212 felici
436 1141 539 1232 rutilis
558 1141 745 1232 spectandus
764 1144 795 1211 in
813 1143 924 1224 amu's3

206 1265 305 1337 llarte
322 1267 401 1357 petit
417 1266 576 1348 Maurum
596 1267 650 1358 qui
669 1265 796 1356 pinguia
814 1287 889 1335 rura
907 1265 1027 1336 colebat

205 1391 303 1460 Trans
319 1391 456 1460 habitata
473 1391 605 1481 Tagum,
625 1411 705 1483 quae
723 1389 840 1481 perluit
858 1411 973 1460 aurens
990 1390 1093 1460 undis.

205 1515 351 1607 Oriquies
370 1517 487 1607 campis
502 1517 567 1606 jam
585 1516 733 1585 Lusitana
753 1514 899 1585 tenebant

205 1639 312 1710 Castra
331 1641 447 1734 locum,
466 1639 614 1732 ferroque
633 1643 746 1730 rigent,
768 1639 899 1730 telisque
917 1649 1115 1709 corruscant:

204 1764 323 1835 Visitur
340 1765 481 1840 adversis
499 1767 581 1835 acics
599 1766 752 1836 contraria
770 1765 898 1845 Mauris

204 1889 399 1984 Quamquam
417 1890 530 1982 opibus
547 1911 744 1982 numeroque
762 1893 875 1982 impar,
895 1909 958 1960 non
976 1889 1057 1960 holla
1075 1907 1232 1960 recusans.

653 2251 740 2314 XLlll

201 2509 280 2600 Spes
298 2520 420 2581 tantum
437 2511 469 2581 in
487 2511 629 2602 Superis,
649 2512 734 2582 nulla
753 2520 800 2582 est
817 2511 931 2581 fiducia
950 2511 1059 2590 terris;

200 2635 380 2726 Respiciunt
396 2635 531 2717 Numen,
551 2635 636 2728 quod
654 2636 788 2718 coelum,
808 2645 840 2705 et
857 2635 961 2704 sidera
978 2641 1115 2725 torquet,

200 2758 410 2830 christiadum
428 2771 491 2831 tam
508 2782 624 2852 parvae
641 2765 733 2841 acies,
753 2759 923 2831 certamine
940 2758 1087 2830 Maurum

198 2883 242 2954 Ut
259 2893 384 2955 centum
403 2906 570 2957 numerosa
587 2886 699 2956 cohors
716 2885 904 2976 respondeat
920 2887 992 2957 uni:

198 3009 339 3081 Pondere
358 3013 411 3102 qui
429 3012 543 3082 mentis
560 3013 661 3082 ualeat
678 3011 723 3082 sic
738 3011 856 3103 judicat
874 3015 922 3084 ire

197 3134 397 3226 Praecipites,
417 3137 500 3206 ultra
519 3157 616 3228 quam
634 3157 702 3207 sese
722 3138 851 3208 audacia
869 3138 990 3222 lundat,

197 3258 373 3331 lnlllauros
390 3269 571 3331 nostrorum
589 3261 719 3342 animos
739 3282 811 3331 cum
830 3262 945 3354 deligat
963 3285 1063 3336 unum

196 3383 365 3456 Lusiadum
381 3385 465 3457 bello
483 3383 668 3458 Maurorum
685 3387 774 3478 copia
792 3398 928 3458 centum.

643 3745 734 3812 XLIV

192 4008 433 4101 Quinquefladeo
448 4008 550 4080 Mauri
569 4009 688 4080 ducunt
704 4011 828 4081 hostilia
847 4032 938 4102 reges

191 4130 337 4224 Agmina,
356 4153 470 4204 nornen
486 4133 582 4205 hahet
601 4155 736 4226 quorum
755 4144 849 4226 caput
866 4136 1014 4221 Ismarus,
1034 4142 1118 4208 omni

190 4255 325 4328 Assiduo
344 4257 500 4328 bellorum
517 4279 579 4329 usu
596 4259 775 4330 discrimina
792 4259 902 4331 Martis

116 4373 122 4390 '
189 4382 334 4472 Experti,
353 4382 450 4452 decus
467 4381 551 4453 unde
567 4385 664 4465 venit,
682 4404 860 4475 nomenque
875 4395 1005 4475 paratur

189 4504 374 4597 Egregium,
391 4506 526 4597 jungunt
540 4508 633 4589 acies,
653 4516 685 4578 et
703 4517 803 4578 castra
821 4517 996 4601 sequuntur

189 4627 358 4721 Virgineae
377 4630 519 4713 comites,
538 4631 666 4702 bellacis
684 4631 814 4722 virginis
832 4631 929 4702 instar

189 4753 285 4837 Illius,
305 4755 344 4825 ad
362 4756 489 4827 Troiam
507 4777 588 4848 quae
605 4757 729 4826 miscuit
747 4757 871 4846 agmina
890 4757 1030 4840 Graecis,

187 4879 227 4950 Et
245 4902 326 4973 quae
345 4883 517 4973 spumifero
535 4884 574 4954 de
592 4883 823 4955 Thermodonte
840 4883 999 4957 biberunt.
