3394 5372
567 545 657 594 LlBER
676 546 824 594 SEPTIMUS

649 801 737 864 Xlllll

196 1063 302 1134 Monte
321 1064 432 1154 prucul
451 1083 566 1154 magno
584 1065 712 1154 penitus
731 1065 784 1156 qui
803 1065 902 1135 limite
922 1067 1016 1136 terris

195 1188 328 1258 inductu
348 1189 447 1280 spatia
466 1189 569 1278 ampla
589 1197 685 1270 secat,
708 1197 869 1281 tutamque
888 1199 1034 1280 peragrat

195 1312 277 1383 Mule
295 1311 415 1395 Asiam,
437 1312 564 1384 diuersa
584 1311 643 1382 sibi
663 1321 709 1383 tut
728 1313 854 1384 numina
875 1333 1012 1396 sumam,

195 1436 256 1507 Pro
275 1438 372 1506 variis
390 1438 485 1508 terris
503 1457 581 1528 quas
599 1437 680 1507 altus
698 1438 809 1508 circuit
828 1437 891 1518 ille,

194 1560 376 1652 Erumpunt
394 1561 509 1643 lcnteS,
529 1561 617 1632 lluvii
635 1561 788 1631 cunabula
807 1563 869 1631 vivi

196 1685 351 1776 Gurgitis,
371 1686 441 1756 Euo
460 1705 597 1776 quorum
616 1705 651 1756 sa
672 1685 771 1756 vitrea
789 1688 892 1757 meles

194 1809 357 1900 immergit
375 1811 497 1900 pelagu,
520 1831 601 1903 quae
620 1811 811 1881 circumfusa
831 1821 960 1888 coronal

195 1933 362 2014 Tellurem,
383 1934 488 2004 clausa
507 1943 543 2004 ut
561 1935 614 2004 fiat
632 1935 797 2025 peninsula
817 1936 980 2007 abundis

655 2296 720 2356 xlx

194 2554 279 2624 lnter
297 2563 467 2646 utrumque
485 2576 610 2626 amnem
629 2556 729 2647 spatia
749 2576 785 2626 sa
804 2555 927 2646 projicit
945 2559 1050 2647 amplo

193 2678 330 2748 Telluris
348 2679 427 2749 latae
447 2700 544 2770 rupes
563 2680 794 2770 longissimam
813 2701 944 2771 aequor,

192 2803 292 2873 lnstar
310 2801 492 2894 pyramidis,
512 2807 633 2895 gremio
651 2825 732 2894 quae
752 2815 881 2895 excepta
899 2805 1058 2895 profundi,

192 2921 321 3018 Ceylani
339 2928 473 3016 attingit,
495 2949 575 3018 quae
593 2928 708 2999 nubilis
726 2928 839 3010 insula,
859 2929 1009 2999 lruntem:

191 3050 259 3121 Nec
276 3050 398 3140 procul,
419 3050 504 3122 unda
521 3051 625 3122 fluunt
643 3052 812 3142 Gangetica
830 3052 959 3122 ssumina
978 3053 1071 3143 longo

191 3167 359 3238 Undarum
376 3165 472 3248 flexu,
494 3188 606 3238 rumor
623 3168 684 3238 lert
704 3169 853 3258 pristinus
871 3168 942 3238 illus

191 3292 357 3384 indigenas
375 3293 429 3383 qui
448 3313 523 3362 rura
541 3295 658 3376 colunt,
679 3316 744 3365 nen
761 3314 895 3400 muneqe
913 3313 1043 3365 mensae

191 3415 324 3498 Nutriri,
344 3425 433 3507 gratu
451 3418 609 3508 omnigeni
628 3420 684 3489 sed
703 3419 790 3490 llcris
809 3421 918 3490 cdere.

624 3830 628 3836 .
661 3779 713 3840 XX

191 4039 283 4112 Nunc
301 4041 377 4110 alias
395 4041 493 4131 leges,
516 4042 705 4133 diversaque
723 4042 860 4120 numina,
881 4059 988 4110 mures

174 4253 175 4258 Ἰ
191 4164 370 4234 Dissimiles
387 4165 439 4234 illa
458 4165 596 4235 retinent
614 4166 746 4256 regione
766 4163 885 4234 caloni:

191 4290 304 4372 Delini,
324 4292 523 4381 Patanesque
540 4291 691 4371 habitant,
713 4291 767 4381 qui
787 4300 818 4360 et
837 4289 951 4360 rubere
972 4288 1072 4378 gentis

190 4416 392 4506 Exsuperant
408 4415 561 4507 reliqum,
582 4424 806 4507 terrarumque
823 4414 924 4485 ubere
943 4419 1115 4504 praestant:

190 4541 345 4618 Decanes,
366 4540 524 4632 Oriaeque
544 4541 662 4622 colunt,
682 4542 773 4634 queis
791 4562 852 4611 una
872 4541 980 4610 salutis

190 4663 271 4755 Spes
290 4674 351 4745 est,
370 4663 500 4735 lustrari
520 4665 641 4756 Gangis
661 4665 838 4736 resonantis
855 4665 1007 4733 in'umla:

189 4788 231 4858 Et
247 4789 386 4880 Bengala
401 4789 484 4880 jacet
502 4799 566 4861 tam
586 4789 708 4870 lertilis,
729 4792 862 4860 interut
880 4808 991 4859 omnes

189 4912 300 4984 Ubere
319 4913 405 4983 nulla
425 4915 485 4985 scli
505 4923 660 5005 exaequet
678 4915 728 4985 vel
748 4914 904 4986 lmctihus
924 4913 1018 4983 illam.
