3384 5372
936 433 1088 481 [usmitan

951 691 1072 753 XXXIX

518 954 580 1024 Sed
599 973 694 1044 quam
714 953 884 1044 fulgentem
903 973 998 1024 cerno
1016 953 1235 1043 splendescere
1254 954 1357 1024 lunam

518 1077 676 1170 (Nympha
694 1078 775 1146 eanit
795 1077 905 1146 tullens
922 1085 1065 1167 argnrtam
1084 1077 1122 1146 ad
1142 1077 1246 1148 sidera
1264 1077 1389 1168 renem)

517 1201 645 1272 lllelindi
664 1200 774 1292 procul
793 1201 825 1268 in
843 1200 965 1290 pelage,
985 1201 1068 1290 qued
1087 1200 1238 1290 sanguine
1257 1201 1376 1290 lingent

517 1323 598 1394 Cum
617 1325 714 1394 Bravd
732 1343 891 1414 pugnaces
904 1323 962 1413 Oja
980 1319 1157 1414 Lamusque
1175 1323 1338 1394 subactae!

517 1450 628 1520 lllartia
648 1469 704 1518 nee
724 1450 825 1519 virtus
843 1448 974 1539 fulgebit
993 1449 1064 1518 luce
1083 1449 1199 1520 minori

517 1573 656 1665 Cugnae‚
677 1574 766 1664 eujus
785 1575 844 1643 erit
863 1594 977 1643 nemen
995 1572 1201 1643 memorabile
1219 1573 1250 1642 in
1264 1571 1396 1655 Austrm

518 1699 620 1769 lnsula
639 1719 798 1789 quemque
816 1699 919 1768 omnis
937 1698 1092 1788 tellusque
1111 1698 1248 1768 austrina
1267 1697 1432 1768 timebunt.

518 1823 615 1908 Queis
630 1823 706 1892 indit
724 1841 838 1892 nemen
856 1821 947 1892 divus
965 1822 1154 1892 Laurentius
1172 1821 1248 1892 oris.

986 2179 1037 2242 XL

518 2444 601 2512 Luce
619 2445 686 2533 pari
705 2444 810 2513 lusum
828 2463 943 2513 numen
961 2443 1091 2534 lulgebit
1110 2442 1149 2512 ab
1168 2445 1266 2514 armis

518 2567 613 2651 Queis
626 2565 873 2658 Albuquerquus
891 2568 1058 2637 Persamm
1072 2568 1220 2638 Armusia
1238 2567 1341 2636 rineet

517 2690 662 2780 Agmina,
682 2711 762 2782 quae
780 2691 852 2760 lorti
870 2690 1055 2781 pugnabunt
1073 2699 1201 2780 pectere
1220 2689 1351 2762 lrustra:

518 2815 642 2904 Quique
658 2815 735 2904 juge
752 2814 867 2885 blande
885 2815 1000 2884 nollent
1018 2815 1205 2884 submittere
1223 2814 1314 2895 eolla,

518 2938 656 3009 Stridula
675 2947 749 3010 tune
766 2949 894 3010 cernent
912 2951 998 3010 retro
1015 2941 1061 3009 ire
1080 2941 1239 3029 reciproca
1258 2939 1424 3032 (miruml)

518 3063 656 3154 Spicula,
677 3073 708 3133 et
726 3065 758 3134 in
777 3064 881 3134 medie
900 3064 1040 3134 converti
1060 3065 1184 3134 tramite
1202 3063 1333 3144 ierrum,

519 3187 604 3276 lpses
622 3196 657 3255 ut
675 3187 816 3257 caedant.
837 3188 889 3257 Sie
907 3188 1030 3256 eoelum
1049 3195 1192 3278 proteget
1211 3187 1280 3256 illes

519 3312 580 3396 eri
598 3321 734 3402 pergunt
752 3310 869 3382 Christi
888 3320 1027 3382 sanctam
1045 3311 1223 3383 dillundere
1243 3312 1355 3402 legem.

981 3671 1043 3734 XLl

519 3935 577 4004 Hie
595 3934 667 4004 salis
686 3937 805 4024 aggesti
823 3941 956 4014 mentes,
977 3953 1076 4023 quum
1094 3933 1176 4004 bella
1194 3943 1357 4024 gerentur,

518 4058 673 4149 Exempta
691 4057 775 4128 baud
793 4057 924 4128 reddent
941 4059 1027 4148 turpi
1045 4058 1213 4147 putredine
1230 4059 1358 4130 illerum

518 4180 669 4274 Corpora,
684 4183 745 4272 qui
763 4191 905 4272 pereant,
925 4182 985 4252 late
1005 4191 1152 4273 terraque
1169 4183 1324 4274 marique,

519 4307 606 4390 Ques
623 4309 725 4376 mittet
744 4307 876 4388 Gerum,
895 4307 1068 4378 Maseatum
1086 4317 1116 4378 et
1135 4306 1291 4399 Calayate.

518 4430 716 4521 Quicumque
734 4431 894 4501 audebunt
913 4433 1008 4503 armis
1026 4431 1180 4504 obsistere
1199 4432 1286 4514 lusis

518 4555 560 4623 Et
578 4555 630 4643 qui
649 4553 728 4624 eolla
744 4553 821 4644 juge
838 4556 955 4626 nollent
974 4553 1162 4626 submittere
1178 4555 1303 4636 blando,

519 4678 733 4748 Sueeumbent
752 4697 874 4749 omnes:
895 4687 988 4770 rupte
1007 4700 1066 4770 pre
1084 4680 1208 4750 loedere
1227 4701 1360 4771 regnum

519 4801 665 4872 Babremi
683 4824 721 4872 en
740 4805 872 4894 gemmis
890 4825 1039 4897 magnum
1056 4806 1234 4898 pendetque
1253 4807 1418 4876 tributum.
1498 4905 1501 4912 .
