3384 5370
928 496 1082 542 testata-tt:

926 754 1080 830 nxxxrn

511 1016 671 1088 Cessimns
689 1017 761 1086 hinc
779 1036 882 1088 sacras
900 1016 1085 1108 Templique
1104 1017 1289 1106 reliquimus
1306 1037 1386 1098 aras,

512 1141 655 1210 Vicinum
674 1141 785 1231 pelago
804 1141 909 1210 medio
928 1140 1011 1230 quod
1030 1139 1135 1211 littore
1154 1143 1264 1230 surgit,

509 1265 607 1335 Urbis
625 1283 740 1333 nomen
758 1264 888 1345 habens
908 1285 969 1354 qua
987 1265 1105 1334 mundo
1123 1272 1170 1333 est
1188 1265 1289 1334 editus
1307 1265 1418 1344 inians,

342 1379 355 1394 “
439 1443 445 1466 ,
509 1387 649 1458 Mortalis
667 1388 763 1468 Deus,
783 1389 814 1456 in
834 1397 958 1458 nostrae
977 1387 1164 1458 documenta
1183 1387 1336 1458 salutis'

510 1513 691 1582 Discessum
711 1514 834 1602 quoties
852 1513 941 1582 illum
958 1532 1041 1582 nunc
1060 1511 1153 1603 saepe
1172 1512 1332 1592 recordor,

509 1637 549 1706 Et
563 1646 637 1706 tunc
657 1644 720 1706 tarn
735 1637 837 1726 justos
855 1646 1022 1727 conceptos
1040 1646 1144 1705 mente
1163 1637 1303 1716 timores,

509 1760 586 1829 Tam
605 1762 742 1850 graviter
760 1760 862 1841 doleo,
882 1761 958 1830 mihi
978 1769 1023 1838 tu,
1043 1761 1110 1830 Rex
1128 1761 1256 1850 optime,
1277 1761 1383 1840 crede,

510 1885 554 1954 [q
573 1886 623 1953 vin
642 1906 702 1953 non
722 1885 865 1954 madeant
885 1886 966 1954 tristi
984 1905 1054 1954 mea
1072 1885 1189 1954 lumina
1207 1885 1292 1954 lletn.

920 2243 1086 2305 Llllllll'lll

511 2504 564 2574 1113
584 2505 650 2573 dies
669 2512 732 2574 tota
752 2506 838 2575 cives
856 2505 1010 2574 effuderat
1027 2505 1123 2574 urhe:

510 2628 602 2698 Hunc
621 2629 844 2719 consanguinei
864 2629 969 2709 trahit,
989 2629 1074 2698 hunc
1094 2628 1249 2728 discessus
1267 2631 1372 2710 amici,
1403 2689 1405 2692 .

510 2755 601 2824 lllum
620 2753 684 2824 sola
703 2763 808 2824 moret
826 2754 985 2845 spectandi
1006 2775 1108 2834 eausa,
1129 2753 1185 2826 sed
1204 2773 1312 2824 omnes

422 2878 1418 2958 ‘mmmmmmmms

510 3002 631 3072 Interea
650 3023 717 3083 nos,
740 3023 828 3071 sacra
845 3002 1009 3072 hominurn
1027 3004 1193 3072 comitante
1212 3023 1334 3082 corona,

511 3127 597 3210 Quos
616 3127 666 3216 pia
685 3127 807 3216 relligio
826 3126 939 3195 sanctis
957 3135 1131 3195 sacraverat
1149 3127 1222 3207 aris

511 3251 653 3334 Quorum
672 3251 757 3320 mille
777 3253 950 3321 instaurant
968 3251 1142 3320 solemnem
1160 3252 1269 3321 ordine
1286 3273 1444 3343 pompam,

511 3375 663 3443 lnstantes
681 3375 837 3464 precibus,
858 3394 1064 3466 properamus
1082 3375 1230 3444 scandere
1247 3375 1367 3446 lintres.

934 3733 1078 3796 lxxxix

511 3994 573 4064 Vin
592 4005 658 4065 erat
678 4016 695 4066 e
714 3996 821 4086 uolgo,
842 3970 908 4086 qui,
928 4018 1006 4087 quos
1024 4006 1132 4088 petere
1149 3999 1209 4068 alta
1228 3997 1352 4067 ridebat

511 4119 667 4210 Aequora,
689 4141 751 4190 non
771 4121 882 4190 mediis
900 4123 1058 4211 perituros
1076 4121 1218 4192 crederet
1236 4121 1342 4190 undis:

510 4243 591 4313 Hinc
610 4244 762 4314 muliebre
780 4245 840 4334 piis
858 4244 1002 4334 lacrymis
1021 4266 1078 4314 nos
1096 4246 1210 4335 excipit
1228 4265 1351 4336 agmen,

509 4369 584 4438 lnde
601 4370 660 4437 riri
680 4369 798 4438 ducunt
817 4371 949 4461 suspiria
968 4381 1095 4461 pectore
1114 4372 1151 4440 ab
1172 4372 1250 4453 imo;
1385 4359 1387 4364 ¹

509 4492 661 4562 Matribus
679 4493 832 4562 immistae
851 4515 993 4584 sponsae,
1015 4497 1201 4586 sponsisque
1220 4515 1356 4576 sorores,

510 4616 652 4700 Quarum
670 4585 758 4687 anaor
777 4626 823 4686 est
844 4619 943 4689 metui
962 4621 1120 4710 proprior,
1139 4619 1224 4711 (spes
1241 4621 1326 4690 nulla
1344 4620 1485 4690 dolentes

510 4739 647 4832 Solatur)
665 4740 817 4830 lacrymas
835 4741 980 4822 lundunt,
1001 4744 1212 4833 languentque
1231 4745 1359 4825 timore:
1386 4721 1397 4732 ”

508 4863 573 4933 Nos
592 4865 709 4932 iterum
728 4877 870 4952 superest
889 4866 1002 4934 lidncia
1021 4867 1103 4936 33113
1123 4868 1260 4937 videndi.
