3384 5372
571 450 660 498 tlusstt
679 449 780 498 XOXUS

638 707 719 769 XXX

178 966 283 1036 Turba
301 967 352 1035 hic
370 967 517 1036 continuo
536 986 708 1086 puerorum
726 989 842 1057 magna
860 968 1023 1038 volantum

177 1091 281 1180 Urget
298 1110 388 1181 opus
409 1090 568 1182 variisque
586 1090 705 1160 intenta
723 1091 884 1162 laboribus
904 1094 1011 1160 instat:

178 1214 254 1284 Pars
272 1224 389 1285 acuunt
407 1215 554 1285 tellorum
573 1215 665 1296 acies
686 1235 766 1306 quae
783 1224 911 1306 pectora
929 1215 1052 1305 figrmt3

178 1338 254 1408 Pars
273 1347 381 1408 contos
399 1347 517 1429 aptant,
538 1319 653 1428 quibus
670 1339 796 1410 baereat
814 1339 860 1409 ala
878 1339 1008 1430 sagittis.

177 1462 344 1534 Cantantes
361 1471 506 1534 recreant
524 1483 605 1544 sese,
626 1462 800 1553 falluntque
818 1463 970 1544 laborem,

178 1587 310 1657 Faustos
328 1595 381 1657 aut
400 1607 511 1658 meros
530 1607 621 1658 casus
638 1587 839 1657 modulantur
858 1608 1018 1669 amorum;

178 1709 277 1780 Dulce
294 1710 395 1780 melos
412 1717 560 1782 resonant
578 1711 667 1793 laeti;
688 1710 868 1780 dulcissima
886 1710 984 1781 verba

177 1834 302 1905 Edunt:
323 1837 369 1904 sic
387 1833 511 1905 blandis
529 1835 733 1905 concentibus
751 1839 824 1905 adra
841 1835 991 1905 mulcent.

625 2192 718 2254 XXXl

178 2457 367 2527 Immortalis
385 2457 440 2526 ubi
461 2456 639 2527 fornacibus
658 2458 740 2548 ignis
758 2457 892 2537 anhelat,

177 2582 304 2674 Spicula
322 2583 466 2674 pennatis
485 2583 644 2653 cuduntur
664 2590 753 2652 acuta
771 2583 906 2673 sagittis:

178 2707 295 2778 Pabula
314 2717 389 2778 sunt
406 2708 550 2778 llammae
568 2707 758 2776 miserorum
776 2706 915 2776 ardentia
935 2707 1041 2786 corda,

177 2831 321 2922 Vivaque
340 2833 519 2922 sanguineis
538 2840 569 2901 et
588 2830 690 2900 adbuc
708 2831 858 2922 spirantia
876 2831 951 2900 rivis

178 2953 323 3026 Viscera:
343 2955 420 3025 dant
436 2956 555 3036 latices,
576 2964 683 3046 aptant
699 2954 755 3024 ubi
774 2955 904 3044 spicula,
925 2954 1017 3024 lletus
1169 3049 1172 3056 Ι

179 3081 265 3165 Quos
282 3079 416 3162 lacudunt
434 3079 539 3170 largos
558 3077 634 3148 dmn
652 3079 741 3148 triste
760 3087 937 3169 queruntur
955 3088 1109 3158 amantes;

179 3205 331 3297 Quaeque
348 3205 414 3275 urit
432 3225 567 3294 semper,
589 3205 757 3287 consmnit,
775 3204 888 3284 vivida,
909 3223 1071 3293 nunquam

179 3328 318 3400 Flamma
336 3349 433 3400 vorax
452 3329 596 3408 miseros,
618 3330 661 3398 nil
680 3336 728 3398 est
746 3328 806 3398 nisi
825 3328 893 3398 dira
912 3327 1037 3418 cupido.

624 3687 729 3750 XXXll
807 3708 810 3718 ·

180 3952 260 4022 Sunt
278 3953 334 4045 qui
352 3951 447 4024 corda
465 3951 553 4021 rudis
568 3951 680 4042 jaculis
698 3957 731 4018 et
748 3958 877 4039 pectora
895 3949 999 4040 plebis

179 4078 263 4148 Dum
282 4077 410 4160 feriunt,
428 4077 513 4148 vires
532 4075 690 4156 adhibent,
712 4074 887 4166 luduntque
906 4077 1063 4166 protervi:

180 4203 310 4274 lllorum
327 4212 492 4296 penetrant
512 4223 649 4293 quorum
663 4201 730 4292 jam
749 4201 843 4271 corda
862 4202 991 4292 sagittae

179 4327 262 4398 Aere
280 4328 428 4398 flebiliter
447 4326 581 4417 suspiria
600 4325 713 4396 crebra
730 4324 893 4394 sonabant.

179 4451 371 4524 Vulneribus
388 4451 542 4543 praebent
562 4459 681 4546 certam
700 4449 889 4539 dulcemque
909 4448 1076 4528 medelam,

179 4578 264 4662 Quas
282 4577 381 4668 tangit
398 4577 510 4667 pietas,
530 4575 681 4666 pulchrae
700 4582 892 4662 teneraeque
911 4572 1049 4662 puellao;

179 4702 244 4774 Nec
262 4704 365 4773 solum
384 4723 402 4772 a
419 4701 568 4792 nymphis
587 4707 737 4770 sanantur
757 4698 886 4766 vulnera
903 4697 997 4785 passi,

181 4828 243 4898 Sed
263 4849 390 4920 quoque
409 4849 471 4898 non
492 4827 554 4897 vivi
572 4827 730 4898 donantur
750 4842 880 4892 munere
898 4821 990 4890 ritae.

248 4941 275 4984 22
