3394 5372
690 487 779 534 moun
798 487 915 536 srzxrus

751 746 844 808 Xllll'

301 1008 365 1077 Nec
385 1010 488 1076 uriuus
509 1009 560 1076 ille
578 1007 656 1077 deus
675 1009 798 1077 mortali
818 1029 951 1098 corpore
970 1010 1128 1099 quondum

301 1133 476 1212 Praeditus,
498 1153 534 1202 ac
553 1132 669 1202 herbae
689 1153 801 1202 versus
818 1134 936 1203 virtute
955 1137 1089 1224 potentis

300 1255 333 1324 lo
353 1257 470 1346 piscem
491 1256 606 1336 subito,
627 1275 708 1347 quae
728 1277 800 1326 mor
817 1259 937 1348 jactura
957 1260 1077 1346 paravit

301 1381 362 1449 Olli
382 1382 505 1450 divinos
524 1381 624 1472 pelagi
644 1403 731 1451 sacra
752 1384 833 1452 inter
852 1383 998 1462 honores,

302 1505 370 1573 lluc
389 1505 484 1584 venit,
505 1513 536 1575 et
555 1506 652 1574 tristis
671 1506 757 1594 luget
776 1505 894 1576 fallacia
912 1506 1020 1576 Circes

301 1630 451 1710 Monstra,
473 1631 589 1720 quibus
607 1631 742 1720 Scyllam
762 1631 930 1702 formosam
949 1632 1099 1714 illuserat,
1122 1633 1209 1704 ardet

299 1753 401 1837 Quam
421 1756 566 1832 nimium,
586 1754 667 1824 bene
686 1776 766 1847 quae
785 1757 880 1825 nimio
900 1757 1059 1846 respondit
1076 1761 1187 1832 amori.

299 1876 443 1967 Namque
465 1879 576 1947 irrisus
594 1900 682 1949 amor
700 1880 870 1950 vindictam
889 1884 1028 1972 exposcit
1047 1884 1187 1951 amantis.

755 2241 837 2303 XXV

298 2500 431 2590 lamque
449 2499 577 2569 aderant
596 2502 698 2571 cuncti
718 2503 827 2571 vitreis
846 2504 877 2570 in
896 2502 1025 2572 sedibus
1043 2503 1132 2573 aulae

299 2625 367 2707 Qua
386 2645 441 2694 rex
463 2627 588 2714 excepit
607 2613 783 2724 resonantis
802 2626 938 2695 Numina
956 2627 1060 2716 ponti:

298 2751 401 2818 Strata
422 2750 499 2820 deae
519 2753 644 2841 capiunt
665 2752 769 2822 nitidis
788 2761 896 2821 ornata
916 2753 1041 2841 tapetis:

298 2873 421 2943 Celsius
440 2872 500 2944 alta
520 2875 571 2944 dei
590 2895 702 2965 cepere
721 2875 827 2945 sedilia
847 2881 927 2964 pura

297 2995 466 3086 Crystallo:
487 2999 587 3068 comis
608 2999 695 3088 ponti
714 2999 829 3090 excipit
849 2999 965 3069 arbiter
983 3019 1103 3078 omues,

297 3121 495 3214 aequalique
516 3125 596 3194 locat
615 3145 649 3193 se
664 3125 753 3213 juxta
772 3125 846 3194 secie
865 3126 1012 3216 Lyaeum.
1042 3189 1044 3194 ,

248 3335 252 3344 Ι
297 3247 394 3316 llassa
414 3248 545 3319 domum
564 3249 702 3337 flagrans
721 3248 880 3320 suffitibus
898 3248 950 3319 illa
969 3259 1109 3338 vaporat,

295 3372 373 3441 Nata
394 3372 475 3442 inter
493 3373 617 3454 fluctus,
634 3372 777 3443 Arabum
797 3395 877 3466 quae
895 3376 989 3445 vincit
1007 3375 1132 3444 odores.

745 3733 837 3796 XXVI
927 3801 928 3806 1

293 3995 335 4065 At
354 4005 530 4087 postquam,
551 3997 641 4086 signa
659 3996 796 4086 hospitii,
817 3996 954 4066 officiosa
973 3995 1106 4064 deorum
1212 4095 1214 4100 ,

293 4119 463 4211 Obsequia,
485 4130 516 4191 et
534 4120 616 4190 soliti
636 4121 715 4189 lecta
734 4141 792 4211 pro
811 4121 884 4191 sede
902 4118 1056 4189 tumultus
1280 4097 1282 4104 ⁵

291 4245 474 4327 Cesserunt,
495 4244 625 4315 attacta
645 4245 743 4334 quies,
765 4264 921 4336 exponere
940 4263 1050 4313 causas

290 4369 401 4460 lucipit
419 4369 533 4440 occulti
552 4369 693 4439 Bacchus
712 4368 772 4438 sub
791 4369 887 4438 corde
906 4367 1032 4437 doloris.

291 4495 345 4565 llle
364 4496 540 4586 superciliis
559 4493 722 4565 subductis
740 4495 848 4565 etierat
866 4514 932 4575 ora,

290 4619 486 4710 Allectatque
505 4639 616 4706 graves
635 4621 755 4688 iramm
773 4619 879 4689 dicere
898 4637 1021 4697 eausam

290 4744 355 4812 Hac
374 4745 494 4814 ratione
513 4763 628 4814 acuens
646 4743 784 4812 alienum
803 4745 834 4812 in
854 4743 944 4832 Lysia
963 4741 1083 4812 terrum
1159 4767 1163 4776 ·

287 4867 431 4948 Pectora,
451 4887 561 4958 magna
581 4875 681 4958 parat,
702 4867 866 4958 tunditque
885 4867 941 4936 has
960 4873 1091 4956 pectore
1109 4884 1220 4935 voces:

360 4980 384 5020 15
