<?xml version="1.0" encoding="UTF-8"?>
<!DOCTYPE html PUBLIC "-//W3C//DTD XHTML 1.0 Transitional//EN"
    "http://www.w3.org/TR/xhtml1/DTD/xhtml1-transitional.dtd">
<html xmlns="http://www.w3.org/1999/xhtml" xml:lang="en" lang="en">
 <head>
  <title>
</title>
<meta http-equiv="Content-Type" content="text/html;charset=utf-8" />
  <meta name='ocr-system' content='tesseract 3.04.00' />
  <meta name='ocr-capabilities' content='ocr_page ocr_carea ocr_par ocr_line ocrx_word'/>
</head>
<body>
  <div class='ocr_page' id='page_1' title='image "./alusiadadeluizd00deslgoog_0134.png"; bbox 0 0 3384 5370; ppageno 0'>
   <div class='ocr_carea' id='block_1_1' title="bbox 614 455 940 512">
    <p class='ocr_par' dir='ltr' id='par_1_1' title="bbox 614 455 940 512">
     <span class='ocr_line' id='line_1_1' title="bbox 614 455 940 512; baseline 0.012 -3"><span class='ocrx_word' id='word_1_1' title='bbox 614 461 704 510; x_wconf 74' lang='lat' dir='ltr'>omna</span> <span class='ocrx_word' id='word_1_2' title='bbox 722 462 851 512; x_wconf 76' lang='lat' dir='ltr'>TERTIUS</span> <span class='ocrx_word' id='word_1_3' title='bbox 935 455 940 464; x_wconf 83' lang='grc'><strong>’</strong></span> 
     </span>
    </p>
   </div>
   <div class='ocr_carea' id='block_1_2' title="bbox 670 723 785 790">
    <p class='ocr_par' dir='ltr' id='par_1_2' title="bbox 670 723 785 790">
     <span class='ocr_line' id='line_1_2' title="bbox 670 723 785 790; baseline 0.017 -2"><span class='ocrx_word' id='word_1_4' title='bbox 670 723 785 790; x_wconf 80' lang='lat' dir='ltr'><strong>XLVIII</strong></span> 
     </span>
    </p>
   </div>
   <div class='ocr_carea' id='block_1_3' title="bbox 232 983 1183 1940">
    <p class='ocr_par' dir='ltr' id='par_1_3' title="bbox 233 983 1119 1326">
     <span class='ocr_line' id='line_1_3' title="bbox 234 983 1119 1076; baseline 0.007 -24"><span class='ocrx_word' id='word_1_5' title='bbox 234 983 327 1062; x_wconf 89' lang='lat' dir='ltr'>llaud</span> <span class='ocrx_word' id='word_1_6' title='bbox 344 1003 437 1054; x_wconf 90' lang='lat' dir='ltr'>secus</span> <span class='ocrx_word' id='word_1_7' title='bbox 453 983 634 1075; x_wconf 79' lang='lat' dir='ltr'>Alphonsus</span> <span class='ocrx_word' id='word_1_8' title='bbox 652 1003 821 1056; x_wconf 90' lang='lat' dir='ltr'>succensus</span> <span class='ocrx_word' id='word_1_9' title='bbox 838 993 966 1076; x_wconf 77' lang='lat' dir='ltr'>pectora</span> <span class='ocrx_word' id='word_1_10' title='bbox 983 985 1119 1058; x_wconf 85' lang='lat' dir='ltr'>llammis</span> 
     </span>
     <span class='ocr_line' id='line_1_4' title="bbox 233 1107 1039 1200; baseline 0.001 -21"><span class='ocrx_word' id='word_1_11' title='bbox 233 1107 388 1188; x_wconf 83' lang='lat' dir='ltr'>Numidis,</span> <span class='ocrx_word' id='word_1_12' title='bbox 408 1117 439 1178; x_wconf 89' lang='lat' dir='ltr'>et</span> <span class='ocrx_word' id='word_1_13' title='bbox 458 1108 566 1199; x_wconf 93' lang='lat' dir='ltr'>populi</span> <span class='ocrx_word' id='word_1_14' title='bbox 583 1109 728 1180; x_wconf 82' lang='lat' dir='ltr'>seruandi</span> <span class='ocrx_word' id='word_1_15' title='bbox 746 1110 902 1200; x_wconf 87' lang='lat' dir='ltr'>impulsus</span> <span class='ocrx_word' id='word_1_16' title='bbox 919 1129 1039 1193; x_wconf 91' lang='lat' dir='ltr'>amore,</span> 
     </span>
     <span class='ocr_line' id='line_1_5' title="bbox 233 1231 963 1326; baseline 0.004 -23"><span class='ocrx_word' id='word_1_17' title='bbox 233 1231 403 1304; x_wconf 88' lang='lat' dir='ltr'>Instructas</span> <span class='ocrx_word' id='word_1_18' title='bbox 419 1233 604 1304; x_wconf 89' lang='lat' dir='ltr'>Maurorum</span> <span class='ocrx_word' id='word_1_19' title='bbox 622 1235 703 1304; x_wconf 90' lang='lat' dir='ltr'>acies</span> <span class='ocrx_word' id='word_1_20' title='bbox 720 1235 837 1304; x_wconf 91' lang='lat' dir='ltr'>invadit</span> <span class='ocrx_word' id='word_1_21' title='bbox 854 1243 963 1326; x_wconf 90' lang='lat' dir='ltr'>aperto</span> 
     </span>
    </p>

    <p class='ocr_par' dir='ltr' id='par_1_4' title="bbox 232 1356 1090 1574">
     <span class='ocr_line' id='line_1_6' title="bbox 233 1356 1090 1461; baseline 0.001 -34"><span class='ocrx_word' id='word_1_22' title='bbox 233 1356 334 1427; x_wconf 84' lang='lat' dir='ltr'>Marte</span> <span class='ocrx_word' id='word_1_23' title='bbox 351 1357 450 1439; x_wconf 86' lang='lat' dir='ltr'>lerox,</span> <span class='ocrx_word' id='word_1_24' title='bbox 471 1357 634 1461; x_wconf 89' lang='lat' dir='ltr'>Lusosque</span> <span class='ocrx_word' id='word_1_25' title='bbox 651 1361 763 1430; x_wconf 89' lang='lat' dir='ltr'>animis</span> <span class='ocrx_word' id='word_1_26' title='bbox 780 1359 952 1451; x_wconf 89' lang='lat' dir='ltr'>majoribus</span> <span class='ocrx_word' id='word_1_27' title='bbox 969 1359 1090 1451; x_wconf 80' lang='lat' dir='ltr'><strong>implet.</strong></span> 
     </span>
     <span class='ocr_line' id='line_1_7' title="bbox 232 1478 996 1574; baseline 0.008 -26"><span class='ocrx_word' id='word_1_28' title='bbox 232 1478 328 1550; x_wconf 81' lang='lat' dir='ltr'><strong>Infert</strong></span> <span class='ocrx_word' id='word_1_29' title='bbox 344 1500 378 1550; x_wconf 92' lang='lat' dir='ltr'>se</span> <span class='ocrx_word' id='word_1_30' title='bbox 396 1481 525 1552; x_wconf 88' lang='lat' dir='ltr'>rabidus</span> <span class='ocrx_word' id='word_1_31' title='bbox 542 1483 663 1574; x_wconf 83' lang='lat' dir='ltr'>magnis</span> <span class='ocrx_word' id='word_1_32' title='bbox 679 1482 868 1554; x_wconf 86' lang='lat' dir='ltr'>clamoribus</span> <span class='ocrx_word' id='word_1_33' title='bbox 884 1483 996 1568; x_wconf 82' lang='lat' dir='ltr'>hostis3</span> 
     </span>
    </p>

    <p class='ocr_par' dir='ltr' id='par_1_5' title="bbox 232 1603 1183 1940">
     <span class='ocr_line' id='line_1_8' title="bbox 233 1603 1183 1700; baseline 0.003 -25"><span class='ocrx_word' id='word_1_34' title='bbox 233 1603 330 1676; x_wconf 79' lang='lat' dir='ltr'>Arma</span> <span class='ocrx_word' id='word_1_35' title='bbox 347 1605 496 1688; x_wconf 84' lang='lat' dir='ltr'>tremunt,</span> <span class='ocrx_word' id='word_1_36' title='bbox 515 1607 699 1700; x_wconf 78' lang='lat' dir='ltr'>ternumque</span> <span class='ocrx_word' id='word_1_37' title='bbox 717 1616 820 1692; x_wconf 87' lang='lat' dir='ltr'>sonat;</span> <span class='ocrx_word' id='word_1_38' title='bbox 840 1608 934 1678; x_wconf 90' lang='lat' dir='ltr'>turba</span> <span class='ocrx_word' id='word_1_39' title='bbox 951 1611 1052 1680; x_wconf 81' lang='lat' dir='ltr'>excita</span> <span class='ocrx_word' id='word_1_40' title='bbox 1070 1607 1183 1693; x_wconf 87' lang='lat' dir='ltr'>lerret;</span> 
     </span>
     <span class='ocr_line' id='line_1_9' title="bbox 232 1729 1137 1826; baseline 0.006 -27"><span class='ocrx_word' id='word_1_41' title='bbox 232 1729 358 1821; x_wconf 85' lang='lat' dir='ltr'>Spicula</span> <span class='ocrx_word' id='word_1_42' title='bbox 376 1731 550 1822; x_wconf 87' lang='lat' dir='ltr'>corripiunt</span> <span class='ocrx_word' id='word_1_43' title='bbox 567 1753 733 1826; x_wconf 90' lang='lat' dir='ltr'>arcusque,</span> <span class='ocrx_word' id='word_1_44' title='bbox 752 1732 825 1803; x_wconf 90' lang='lat' dir='ltr'>hinc</span> <span class='ocrx_word' id='word_1_45' title='bbox 842 1753 959 1804; x_wconf 88' lang='lat' dir='ltr'>cornua</span> <span class='ocrx_word' id='word_1_46' title='bbox 977 1733 1137 1825; x_wconf 80' lang='lat' dir='ltr'>clangunt,</span> 
     </span>
     <span class='ocr_line' id='line_1_10' title="bbox 232 1854 1022 1940; baseline 0.005 -14"><span class='ocrx_word' id='word_1_47' title='bbox 232 1854 308 1926; x_wconf 91' lang='lat' dir='ltr'>Inde</span> <span class='ocrx_word' id='word_1_48' title='bbox 325 1855 436 1940; x_wconf 88' lang='lat' dir='ltr'>tubae;</span> <span class='ocrx_word' id='word_1_49' title='bbox 454 1855 529 1928; x_wconf 89' lang='lat' dir='ltr'>belli</span> <span class='ocrx_word' id='word_1_50' title='bbox 546 1867 693 1930; x_wconf 91' lang='lat' dir='ltr'>resonant</span> <span class='ocrx_word' id='word_1_51' title='bbox 710 1857 899 1930; x_wconf 82' lang='lat' dir='ltr'>stridoribus</span> <span class='ocrx_word' id='word_1_52' title='bbox 916 1879 1022 1930; x_wconf 89' lang='lat' dir='ltr'>aurae.</span> 
     </span>
    </p>
   </div>
   <div class='ocr_carea' id='block_1_4' title="bbox 681 2215 773 2280">
    <p class='ocr_par' dir='ltr' id='par_1_6' title="bbox 681 2215 773 2280">
     <span class='ocr_line' id='line_1_11' title="bbox 681 2215 773 2280; baseline 0 0"><span class='ocrx_word' id='word_1_53' title='bbox 681 2215 773 2280; x_wconf 82' lang='lat' dir='ltr'><strong>XLIX</strong></span> 
     </span>
    </p>
   </div>
   <div class='ocr_carea' id='block_1_5' title="bbox 230 2439 1127 3443">
    <p class='ocr_par' dir='ltr' id='par_1_7' title="bbox 230 2439 1127 3443">
     <span class='ocr_line' id='line_1_12' title="bbox 233 2439 1065 2568; baseline 0.002 -22"><span class='ocrx_word' id='word_1_54' title='bbox 233 2474 299 2546; x_wconf 86' lang='lat' dir='ltr'>Ceu</span> <span class='ocrx_word' id='word_1_55' title='bbox 316 2439 390 2546; x_wconf 83' lang='lat' dir='ltr'>cum</span> <span class='ocrx_word' id='word_1_56' title='bbox 407 2476 533 2548; x_wconf 85' lang='lat' dir='ltr'>flamma</span> <span class='ocrx_word' id='word_1_57' title='bbox 551 2477 631 2567; x_wconf 80' lang='lat' dir='ltr'>rapit</span> <span class='ocrx_word' id='word_1_58' title='bbox 649 2484 771 2568; x_wconf 80' lang='lat' dir='ltr'><strong>segetes</strong></span> <span class='ocrx_word' id='word_1_59' title='bbox 788 2478 915 2548; x_wconf 89' lang='lat' dir='ltr'>incensa</span> <span class='ocrx_word' id='word_1_60' title='bbox 932 2477 1065 2548; x_wconf 82' lang='lat' dir='ltr'>furentis</span> 
     </span>
     <span class='ocr_line' id='line_1_13' title="bbox 232 2599 1026 2692; baseline 0.003 -22"><span class='ocrx_word' id='word_1_61' title='bbox 232 2599 371 2671; x_wconf 86' lang='lat' dir='ltr'>Flatibus</span> <span class='ocrx_word' id='word_1_62' title='bbox 389 2609 479 2672; x_wconf 89' lang='lat' dir='ltr'>ancta</span> <span class='ocrx_word' id='word_1_63' title='bbox 496 2599 583 2682; x_wconf 86' lang='lat' dir='ltr'>Noti,</span> <span class='ocrx_word' id='word_1_64' title='bbox 601 2602 700 2672; x_wconf 85' lang='lat' dir='ltr'>siccos</span> <span class='ocrx_word' id='word_1_65' title='bbox 717 2600 844 2691; x_wconf 86' lang='lat' dir='ltr'>depasta</span> <span class='ocrx_word' id='word_1_66' title='bbox 862 2601 1026 2692; x_wconf 86' lang='lat' dir='ltr'>maniplos,</span> 
     </span>
     <span class='ocr_line' id='line_1_14' title="bbox 232 2724 1004 2816; baseline 0.003 -23"><span class='ocrx_word' id='word_1_67' title='bbox 232 2724 350 2815; x_wconf 86' lang='lat' dir='ltr'>Ingruit</span> <span class='ocrx_word' id='word_1_68' title='bbox 367 2724 400 2794; x_wconf 93' lang='lat' dir='ltr'>in</span> <span class='ocrx_word' id='word_1_69' title='bbox 418 2725 530 2816; x_wconf 84' lang='lat' dir='ltr'>sylvas,</span> <span class='ocrx_word' id='word_1_70' title='bbox 552 2725 749 2816; x_wconf 83' lang='lat' dir='ltr'>animataque</span> <span class='ocrx_word' id='word_1_71' title='bbox 766 2724 901 2794; x_wconf 83' lang='lat' dir='ltr'>llamims</span> <span class='ocrx_word' id='word_1_72' title='bbox 919 2725 1004 2796; x_wconf 89' lang='lat' dir='ltr'>auris</span> 
     </span>
     <span class='ocr_line' id='line_1_15' title="bbox 230 2843 996 2942; baseline 0.001 -22"><span class='ocrx_word' id='word_1_73' title='bbox 230 2847 367 2920; x_wconf 85' lang='lat' dir='ltr'>Devorat</span> <span class='ocrx_word' id='word_1_74' title='bbox 385 2856 417 2919; x_wconf 91' lang='lat' dir='ltr'>ot</span> <span class='ocrx_word' id='word_1_75' title='bbox 434 2859 562 2920; x_wconf 90' lang='lat' dir='ltr'>truncos</span> <span class='ocrx_word' id='word_1_76' title='bbox 579 2859 611 2920; x_wconf 90' lang='lat' dir='ltr'>et</span> <span class='ocrx_word' id='word_1_77' title='bbox 628 2850 712 2942; x_wconf 82' lang='lat' dir='ltr'>ligna</span> <span class='ocrx_word' id='word_1_78' title='bbox 730 2850 866 2940; x_wconf 79' lang='lat' dir='ltr'>ingentia</span> <span class='ocrx_word' id='word_1_79' title='bbox 883 2843 996 2921; x_wconf 84' lang='lat' dir='ltr'>vastat.</span> 
     </span>
     <span class='ocr_line' id='line_1_16' title="bbox 231 2973 1020 3066; baseline 0.005 -24"><span class='ocrx_word' id='word_1_80' title='bbox 231 2973 351 3044; x_wconf 84' lang='lat' dir='ltr'>Territa</span> <span class='ocrx_word' id='word_1_81' title='bbox 370 2993 433 3064; x_wconf 92' lang='lat' dir='ltr'>quo</span> <span class='ocrx_word' id='word_1_82' title='bbox 451 2976 585 3065; x_wconf 90' lang='lat' dir='ltr'>strepitu</span> <span class='ocrx_word' id='word_1_83' title='bbox 601 2982 765 3065; x_wconf 89' lang='lat' dir='ltr'>pastorum</span> <span class='ocrx_word' id='word_1_84' title='bbox 782 2975 886 3058; x_wconf 85' lang='lat' dir='ltr'>turba,</span> <span class='ocrx_word' id='word_1_85' title='bbox 906 2995 1020 3066; x_wconf 91' lang='lat' dir='ltr'>sopore</span> 
     </span>
     <span class='ocr_line' id='line_1_17' title="bbox 230 3097 1127 3192; baseline 0.003 -23"><span class='ocrx_word' id='word_1_86' title='bbox 230 3097 352 3170; x_wconf 88' lang='lat' dir='ltr'>Obruta</span> <span class='ocrx_word' id='word_1_87' title='bbox 369 3099 511 3171; x_wconf 90' lang='lat' dir='ltr'>membra</span> <span class='ocrx_word' id='word_1_88' title='bbox 528 3099 612 3170; x_wconf 89' lang='lat' dir='ltr'>levat</span> <span class='ocrx_word' id='word_1_89' title='bbox 629 3105 724 3182; x_wconf 83' lang='lat' dir='ltr'>terrl,</span> <span class='ocrx_word' id='word_1_90' title='bbox 744 3100 967 3192; x_wconf 88' lang='lat' dir='ltr'>llammamque</span> <span class='ocrx_word' id='word_1_91' title='bbox 984 3121 1127 3174; x_wconf 89' lang='lat' dir='ltr'>voracem</span> 
     </span>
     <span class='ocr_line' id='line_1_18' title="bbox 230 3221 1108 3318; baseline 0.007 -26"><span class='ocrx_word' id='word_1_92' title='bbox 230 3221 394 3313; x_wconf 80' lang='lat' dir='ltr'>Aspiciens</span> <span class='ocrx_word' id='word_1_93' title='bbox 412 3225 624 3316; x_wconf 89' lang='lat' dir='ltr'>sonitumque,</span> <span class='ocrx_word' id='word_1_94' title='bbox 644 3233 783 3298; x_wconf 90' lang='lat' dir='ltr'>tremens</span> <span class='ocrx_word' id='word_1_95' title='bbox 800 3246 858 3296; x_wconf 88' lang='lat' dir='ltr'>sua</span> <span class='ocrx_word' id='word_1_96' title='bbox 876 3226 994 3318; x_wconf 71' lang='lat' dir='ltr'>coligit</span> <span class='ocrx_word' id='word_1_97' title='bbox 1011 3247 1108 3308; x_wconf 77' lang='lat' dir='ltr'>mma,</span> 
     </span>
     <span class='ocr_line' id='line_1_19' title="bbox 230 3347 1044 3443; baseline 0.005 -26"><span class='ocrx_word' id='word_1_98' title='bbox 230 3347 272 3417; x_wconf 86' lang='lat' dir='ltr'>Et</span> <span class='ocrx_word' id='word_1_99' title='bbox 288 3347 368 3438; x_wconf 83' lang='lat' dir='ltr'>lugit</span> <span class='ocrx_word' id='word_1_100' title='bbox 386 3351 547 3431; x_wconf 89' lang='lat' dir='ltr'>attonitus,</span> <span class='ocrx_word' id='word_1_101' title='bbox 565 3349 681 3430; x_wconf 88' lang='lat' dir='ltr'>subito,</span> <span class='ocrx_word' id='word_1_102' title='bbox 701 3351 897 3443; x_wconf 88' lang='lat' dir='ltr'>pavidusque</span> <span class='ocrx_word' id='word_1_103' title='bbox 914 3351 1044 3426; x_wconf 91' lang='lat' dir='ltr'>recedit.</span> 
     </span>
    </p>
   </div>
   <div class='ocr_carea' id='block_1_6' title="bbox 714 3707 737 3770">
    <p class='ocr_par' dir='ltr' id='par_1_8' title="bbox 714 3707 737 3770">
     <span class='ocr_line' id='line_1_20' title="bbox 714 3707 737 3770; baseline 0 0"><span class='ocrx_word' id='word_1_104' title='bbox 714 3707 737 3770; x_wconf 89' lang='lat' dir='ltr'>L</span> 
     </span>
    </p>
   </div>
   <div class='ocr_carea' id='block_1_7' title="bbox 191 3947 1113 4932">
    <p class='ocr_par' dir='ltr' id='par_1_9' title="bbox 228 3947 1012 4184">
     <span class='ocr_line' id='line_1_21' title="bbox 230 3947 997 4059; baseline 0 -20"><span class='ocrx_word' id='word_1_105' title='bbox 230 3968 283 4039; x_wconf 89' lang='lat' dir='ltr'>Sic</span> <span class='ocrx_word' id='word_1_106' title='bbox 301 3966 407 4038; x_wconf 88' lang='lat' dir='ltr'>subito</span> <span class='ocrx_word' id='word_1_107' title='bbox 424 3947 566 4048; x_wconf 83' lang='lat' dir='ltr'>lllaurns,</span> <span class='ocrx_word' id='word_1_108' title='bbox 576 3963 731 4058; x_wconf 71' lang='lat' dir='ltr'>vperculso</span> <span class='ocrx_word' id='word_1_109' title='bbox 749 3967 844 4038; x_wconf 89' lang='lat' dir='ltr'>eorde</span> <span class='ocrx_word' id='word_1_110' title='bbox 861 3987 997 4059; x_wconf 81' lang='lat' dir='ltr'>pavore,</span> 
     </span>
     <span class='ocr_line' id='line_1_22' title="bbox 228 4087 1012 4184; baseline -0.003 -20"><span class='ocrx_word' id='word_1_111' title='bbox 228 4094 328 4164; x_wconf 75' lang='lat' dir='ltr'>Arma</span> <span class='ocrx_word' id='word_1_112' title='bbox 346 4087 440 4184; x_wconf 83' lang='lat' dir='ltr'>capit,</span> <span class='ocrx_word' id='word_1_113' title='bbox 461 4092 609 4164; x_wconf 88' lang='lat' dir='ltr'>turbante</span> <span class='ocrx_word' id='word_1_114' title='bbox 626 4101 726 4175; x_wconf 90' lang='lat' dir='ltr'>motu,</span> <span class='ocrx_word' id='word_1_115' title='bbox 746 4091 926 4164; x_wconf 86' lang='lat' dir='ltr'>discrimine</span> <span class='ocrx_word' id='word_1_116' title='bbox 943 4093 1012 4177; x_wconf 91' lang='lat' dir='ltr'>tali;</span> 
     </span>
    </p>

    <p class='ocr_par' dir='ltr' id='par_1_10' title="bbox 227 4217 1113 4559">
     <span class='ocr_line' id='line_1_23' title="bbox 230 4217 1072 4307; baseline -0.001 -19"><span class='ocrx_word' id='word_1_117' title='bbox 230 4217 293 4289; x_wconf 89' lang='lat' dir='ltr'>Sed</span> <span class='ocrx_word' id='word_1_118' title='bbox 309 4227 415 4288; x_wconf 90' lang='lat' dir='ltr'>tamen</span> <span class='ocrx_word' id='word_1_119' title='bbox 434 4225 576 4307; x_wconf 85' lang='lat' dir='ltr'>expectat</span> <span class='ocrx_word' id='word_1_120' title='bbox 593 4217 771 4288; x_wconf 85' lang='lat' dir='ltr'>venientem</span> <span class='ocrx_word' id='word_1_121' title='bbox 789 4224 821 4287; x_wconf 93' lang='lat' dir='ltr'>et</span> <span class='ocrx_word' id='word_1_122' title='bbox 839 4217 900 4287; x_wconf 91' lang='lat' dir='ltr'>tela</span> <span class='ocrx_word' id='word_1_123' title='bbox 919 4225 1072 4298; x_wconf 87' lang='lat' dir='ltr'>coruscat,</span> 
     </span>
     <span class='ocr_line' id='line_1_24' title="bbox 228 4323 1113 4434; baseline 0.001 -22"><span class='ocrx_word' id='word_1_124' title='bbox 228 4341 465 4434; x_wconf 77' lang='lat' dir='ltr'>Ardentemque</span> <span class='ocrx_word' id='word_1_125' title='bbox 483 4341 616 4432; x_wconf 92' lang='lat' dir='ltr'>impellit</span> <span class='ocrx_word' id='word_1_126' title='bbox 632 4361 763 4432; x_wconf 90' lang='lat' dir='ltr'>equum,</span> <span class='ocrx_word' id='word_1_127' title='bbox 780 4323 981 4433; x_wconf 67' lang='lat' dir='ltr'>&#39;stimulisque</span> <span class='ocrx_word' id='word_1_128' title='bbox 998 4340 1113 4434; x_wconf 79' lang='lat' dir='ltr'>fatigat.</span> 
     </span>
     <span class='ocr_line' id='line_1_25' title="bbox 227 4467 982 4559; baseline -0.001 -20"><span class='ocrx_word' id='word_1_129' title='bbox 227 4469 329 4539; x_wconf 88' lang='lat' dir='ltr'>Lusus</span> <span class='ocrx_word' id='word_1_130' title='bbox 348 4468 387 4537; x_wconf 90' lang='lat' dir='ltr'>ab</span> <span class='ocrx_word' id='word_1_131' title='bbox 407 4467 538 4539; x_wconf 85' lang='lat' dir='ltr'>adverso</span> <span class='ocrx_word' id='word_1_132' title='bbox 555 4467 658 4538; x_wconf 86' lang='lat' dir='ltr'>valida</span> <span class='ocrx_word' id='word_1_133' title='bbox 676 4487 744 4538; x_wconf 87' lang='lat' dir='ltr'>sese</span> <span class='ocrx_word' id='word_1_134' title='bbox 762 4467 867 4559; x_wconf 87' lang='lat' dir='ltr'>objicit</span> <span class='ocrx_word' id='word_1_135' title='bbox 884 4467 982 4550; x_wconf 88' lang='lat' dir='ltr'>hasta,</span> 
     </span>
    </p>

    <p class='ocr_par' dir='ltr' id='par_1_11' title="bbox 191 4591 1037 4932">
     <span class='ocr_line' id='line_1_26' title="bbox 191 4591 966 4696; baseline -0.004 -33"><span class='ocrx_word' id='word_1_136' title='bbox 191 4637 195 4650; x_wconf 85' lang='lat'>·</span> <span class='ocrx_word' id='word_1_137' title='bbox 228 4592 392 4696; x_wconf 77' lang='lat' dir='ltr'>Oloriaqne</span> <span class='ocrx_word' id='word_1_138' title='bbox 411 4592 553 4664; x_wconf 88' lang='lat' dir='ltr'>immisso</span> <span class='ocrx_word' id='word_1_139' title='bbox 570 4591 726 4683; x_wconf 82' lang='lat' dir='ltr'>transfigit</span> <span class='ocrx_word' id='word_1_140' title='bbox 743 4599 870 4684; x_wconf 90' lang='lat' dir='ltr'>pectora</span> <span class='ocrx_word' id='word_1_141' title='bbox 888 4593 966 4662; x_wconf 90' lang='lat' dir='ltr'>telo:</span> 
     </span>
     <span class='ocr_line' id='line_1_27' title="bbox 229 4715 991 4808; baseline 0.001 -22"><span class='ocrx_word' id='word_1_142' title='bbox 229 4717 469 4808; x_wconf 89' lang='lat' dir='ltr'>Seminecesqno</span> <span class='ocrx_word' id='word_1_143' title='bbox 487 4717 602 4788; x_wconf 89' lang='lat' dir='ltr'>cadunt</span> <span class='ocrx_word' id='word_1_144' title='bbox 619 4717 682 4799; x_wconf 90' lang='lat' dir='ltr'>alii,</span> <span class='ocrx_word' id='word_1_145' title='bbox 703 4715 891 4787; x_wconf 89' lang='lat' dir='ltr'>clamoribus</span> <span class='ocrx_word' id='word_1_146' title='bbox 907 4725 991 4787; x_wconf 90' lang='lat' dir='ltr'>astra</span> 
     </span>
     <span class='ocr_line' id='line_1_28' title="bbox 228 4839 1037 4932; baseline 0.004 -24"><span class='ocrx_word' id='word_1_147' title='bbox 228 4840 411 4911; x_wconf 91' lang='lat' dir='ltr'>Percutiunt</span> <span class='ocrx_word' id='word_1_148' title='bbox 429 4840 494 4924; x_wconf 89' lang='lat' dir='ltr'>alii,</span> <span class='ocrx_word' id='word_1_149' title='bbox 514 4851 546 4912; x_wconf 93' lang='lat' dir='ltr'>et</span> <span class='ocrx_word' id='word_1_150' title='bbox 563 4841 731 4914; x_wconf 88' lang='lat' dir='ltr'>llahometi</span> <span class='ocrx_word' id='word_1_151' title='bbox 749 4839 876 4911; x_wconf 89' lang='lat' dir='ltr'>numina</span> <span class='ocrx_word' id='word_1_152' title='bbox 892 4851 1037 4932; x_wconf 88' lang='lat' dir='ltr'>poscunt.</span> 
     </span>
    </p>
   </div>
   <div class='ocr_carea' id='block_1_8' title="bbox 0 0 1696 5370">
    <p class='ocr_par' dir='ltr' id='par_1_12' title="bbox 0 0 1696 5370">
     <span class='ocr_line' id='line_1_29' title="bbox 0 0 1696 5370; baseline 0 2"><span class='ocrx_word' id='word_1_153' title='bbox 0 0 1696 5370; x_wconf 95' lang='lat' dir='ltr'> </span> 
     </span>
    </p>
   </div>
  </div>
 </body>
</html>
