3384 5372
965 493 1120 541 custumis

983 749 1099 812 LXXXI

546 1012 674 1082 lllorrun
694 1031 772 1102 geos
789 1033 900 1082 maura
918 1011 999 1082 dolis
1017 1031 1097 1102 quos
1114 1019 1254 1102 ceperat,
1274 1031 1357 1081 unus

413 1115 415 1122 Α
547 1136 606 1206 Hic
624 1133 762 1205 Catualis
780 1143 858 1216 erat,
878 1135 970 1206 doois
988 1145 1157 1226 corruptus
1175 1145 1207 1204 et
1226 1154 1314 1214 auro,

545 1259 725 1350 Maguatum
743 1260 902 1350 princeps,
924 1258 983 1328 illis
1001 1257 1177 1328 dominator
1194 1259 1228 1326 iu
1246 1259 1321 1337 oris,

545 1382 604 1453 Cui
623 1403 679 1452 res
697 1383 821 1472 imperii
839 1381 1014 1452 tractandas
1033 1382 1127 1451 tradit
1140 1381 1289 1452 habenas,

545 1507 632 1577 Illius
649 1507 765 1575 auxilio
783 1527 856 1596 spos
873 1526 983 1576 maura
1001 1505 1146 1576 iuuititur
1164 1506 1277 1586 omnis,

545 1631 682 1721 Auspice
699 1650 763 1721 quo
780 1631 900 1721 possint
919 1641 1028 1721 turpes
1045 1632 1221 1722 procedere
1240 1629 1374 1701 fraudes,

546 1755 600 1826 Ille
619 1756 759 1846 quidem,
779 1757 894 1826 uostris
912 1757 965 1847 qui
985 1757 1052 1826 vult
1070 1765 1243 1848 utcumque
1261 1775 1386 1836 nocere,

547 1879 613 1950 Nec
630 1901 704 1970 spes
721 1880 842 1952 deludit
860 1881 991 1962 socium,
1012 1901 1071 1952 uec
1088 1881 1207 1952 descrit
1227 1900 1332 1952 ausus.

975 2241 1105 2305 LXXXII

548 2501 639 2573 lluuo
658 2503 755 2573 Gema
774 2503 942 2593 alloquitur
959 2502 1068 2574 multis
1085 2503 1296 2595 precibusque
1314 2503 1426 2594 fatigat,

548 2629 592 2700 Ut
610 2649 644 2698 se
663 2628 809 2710 dImittat
829 2629 969 2698 lembum
985 2629 1158 2719 jubeatque
1177 2629 1293 2718 parari,

548 2753 616 2822 Hoc
630 2753 760 2843 jussisse
778 2751 895 2822 addens
913 2752 1004 2842 regni
1022 2755 1075 2843 qui
1094 2752 1192 2821 flectit
1209 2751 1358 2832 habenas,

547 2877 781 2968 Imperiumque
801 2886 882 2946 leuet
902 2897 1071 2956 summum,
1092 2876 1265 2946 Perimalea
1282 2877 1397 2967 proles.

548 3000 683 3091 Objiciat
701 3021 763 3091 quo
778 3001 851 3091 jure
870 3003 995 3070 moras?
1014 3001 1149 3071 educere
1167 3021 1290 3071 merces

549 3125 614 3196 Cur
631 3126 716 3196 lusas
733 3136 828 3206 vetet,
849 3136 880 3196 et
898 3127 1009 3216 patriis
1027 3145 1184 3216 exponere
1202 3127 1235 3195 iu
1253 3126 1339 3196 oris‘l

548 3251 629 3322 Nam
647 3271 863 3342 quaecumque
878 3249 1003 3340 J'ubeut,
1025 3249 1077 3340 qui
1101 3259 1232 3340 possunt
1250 3249 1363 3329 onmia,
1384 3265 1477 3338 reges,

552 3373 641 3445 Haud
659 3375 774 3464 poterit
791 3375 958 3465 quisquam
977 3375 1026 3444 vel
1045 3373 1077 3442 vi
1095 3381 1232 3452 mutare,
1252 3373 1301 3444 vel
1320 3379 1400 3442 astu.

974 3731 1114 3794 LXXXIII

549 3994 619 4066 Nou
637 4003 742 4063 umen
759 3994 809 4064 bis
826 3993 962 4063 multum
981 3991 1120 4064 C‘atualis
1136 4001 1265 4084 pectora
1284 3993 1391 4064 verbis

549 4121 647 4190 Gama
664 4127 780 4200 movet,
800 4127 865 4189 tam
884 4119 977 4189 corda
996 4127 1108 4209 potens
1126 4128 1310 4211 corruperat
1327 4123 1453 4191 aurum:

548 4245 615 4315 Imo
632 4244 700 4314 dira
718 4244 851 4336 agilaus,
871 4244 960 4314 furiis
980 4265 1014 4315 ac
1033 4244 1195 4314 daemonis
1214 4253 1312 4327 actus,

550 4369 762 4460 PerfidIasque
780 4389 889 4452 novas,
909 4370 1011 4439 varias
1029 4369 1184 4460 excogitat
1202 4377 1297 4450 artes,

550 4493 643 4563 Iuvisi
661 4502 696 4562 ut
713 4493 811 4583 possit
828 4493 1018 4563 sceleratum
1037 4492 1167 4583 infigere
1184 4495 1304 4564 terrum

550 4618 681 4687 Pectore
700 4616 848 4697 ductoris,
869 4636 965 4707 quem
984 4636 1040 4706 spe
1058 4617 1186 4686 iactarat
1203 4615 1301 4697 ioani;

470 4769 473 4774 ·
550 4741 679 4830 Ignibus
696 4750 750 4811 aut
768 4750 865 4811 totam
883 4741 1018 4811 llammis
1036 4739 1203 4811 absumere
1221 4742 1363 4818 classem,

438 4879 440 4882 ·
535 4866 599 4964 ¹Ne
620 4866 703 4934 salva
721 4866 753 4934 iu
771 4867 904 4954 patrIam
923 4877 1027 4956 posset
1045 4867 1121 4936 ratis
1139 4867 1202 4936 ulla
1221 4865 1337 4935 redire.
