3394 5372
963 412 1114 482 nusxxnxu

1001 669 1077 732 xtv

542 935 682 1024 Carpum
702 933 773 1002 inde
794 935 876 1003 riam
895 933 1034 1002 malaber
1052 932 1229 1022 praefectus
1246 932 1402 1009 eamdem,

456 1113 459 1120 .
541 1059 651 1148 Lysius
670 1069 700 1128 et
718 1057 839 1127 ductor.
861 1057 931 1126 Jam
949 1078 1004 1126 rex
1024 1065 1185 1147 exspectat
1204 1067 1387 1145 utrumque,

540 1183 708 1253 Sollicitus.
729 1183 884 1252 Lusomm
903 1182 955 1250 alii
975 1202 1033 1250 eeu
1053 1180 1139 1250 bella·
1153 1189 1335 1271 sequantur,

539 1308 706 1379 Ostentant
723 1308 864 1398 peditum
884 1309 995 1378 turmis
1012 1307 1207 1397 fulgentibus
1225 1327 1349 1396 agmen.

539 1435 700 1505 Attonitus
718 1435 836 1506 oiroum
855 1435 991 1525 populus
1009 1435 1177 1504 comitatur
1197 1443 1318 1513 euntes,

538 1561 637 1629 Fixus
656 1559 687 1627 in
706 1557 819 1628 obtutu
838 1559 1027 1649 peregrinae
1047 1558 1158 1647 gentis,
1180 1568 1212 1628 et
1230 1558 1318 1627 ardet

538 1683 737 1774 Compellare
756 1684 851 1764 riros,
872 1683 969 1752 turris
988 1683 1043 1752 sed
1062 1684 1164 1772 prisea
1182 1682 1307 1752 Babelis

539 1806 694 1898 Disiunxit
713 1808 816 1876 uarias
833 1808 960 1897 linguae
979 1808 1161 1876 discrimine
1180 1815 1301 1892 gentes.

986 2166 1075 2254 xxxx

539 2431 676 2500 Plurima
695 2451 774 2520 quae
792 2439 945 2518 poteraut,
966 2451 1024 2518 pro
1043 2440 1198 2519 tempore,
1218 2437 1390 2520 utrumque
1404 2429 1517 2519 juvare

538 2555 621 2624 Inter
638 2575 671 2624 se
691 2575 797 2624 eomes
816 2553 994 2645 Catualque·
1007 2563 1038 2624 et
1057 2554 1154 2623 Gema
1172 2552 1356 2642 loquuntur.

538 2678 666 2747 Arbiter
685 2679 799 2768 eloquii
819 2677 988 2769 linguaque
1005 2681 1178 2748 instructus
1194 2682 1355 2767 utruque,'

524 2802 728 2882 ,Monsaixlus
749 2803 862 2893 cunque
881 2803 1010 2873 alterius
1027 2804 1079 2872 dat
1097 2823 1227 2872 noscere
1245 2822 1339 2872 voees

537 2926 579 2995 Et
598 2932 722 2995 tensus:
743 2926 880 2995 mediam
899 2928 943 2996 sio
962 2927 1060 2996 tendit
1078 2935 1213 3017 uterque
1231 2945 1289 3016 per
1308 2925 1432 2994 urbem.
1520 2963 1521 2966 π

521 3052 671 3142 -Jamquo
688 3052 939 3143 propinquabant
958 3055 1065 3140 ingens
1084 3051 1139 3121 ubi
1158 3051 1301 3120 maehina
1320 3050 1432 3140 templi

536 3176 671 3266 Augusti
690 3179 835 3267 erigitur,
856 3176 1026 3268 rutilatque
1045 3177 1175 3266 insignis
1192 3176 1232 3246 ab
1252 3195 1344 3246 aure:

537 3302 677 3382 Sistitur,
689 3313 729 3402 et
746 3305 846 3391 portis
864 3301 957 3372 ambo
976 3302 1195 3390 ingrediuntur
1212 3301 1340 3392 apertis.
1386 3395 1391 3404 ἢ

978 3662 1077 3725 xtvtt

534 3925 601 3995 lllio
618 3946 651 3994 se
669 3926 765 3995 variis
782 3924 996 3994 monstrabant
1014 3929 1140 3995 numina
1159 3926 1277 4005 formis,

534 4051 618 4120 Haeo
635 4051 722 4119 molli
742 4071 759 4119 e
776 4049 873 4139 ligno,
893 4050 970 4120 baeu
988 4049 1091 4140 gelido
1109 4050 1255 4140 spirantia
1273 4069 1358 4122 saxo.

533 4175 574 4244 Et
591 4183 683 4264 gestu
701 4175 799 4253 varia,
819 4184 850 4243 et
868 4175 964 4243 variis
976 4174 1138 4263 tleseripta
1156 4175 1278 4264 figuris,

533 4299 677 4368 Dietabat
694 4318 774 4389 quae
791 4319 869 4367 rana
887 4319 987 4388 uagus
1004 4298 1165 4368 mendacia
1183 4300 1326 4369 daemon.
1430 4275 1435 4286 ¹

533 4423 711 4494 Horribiles
728 4424 799 4492 visu
817 4422 921 4503 laoies,
943 4433 975 4492 et
993 4433 1132 4492 menstra
1150 4432 1279 4492 tuentxu
1405 4451 1408 4458 ·

532 4549 591 4617 illo
607 4549 708 4618 oculi:
728 4549 829 4638 qualis
845 4550 984 4618 variatur
1001 4549 1143 4618 membra
1160 4547 1335 4618 Chimaera.

531 4672 745 4752 Christicolae,
766 4673 848 4745 soliti
865 4673 990 4742 Numen
1007 4693 1156 4743 venerare
1175 4694 1361 4764 supremum

531 4796 676 4867 Humano
694 4799 796 4878 vultu,
816 4798 1004 4868 horrescunt
1022 4799 1100 4868 haee
1118 4810 1259 4868 monstra
1276 4797 1431 4868 videntes.
