<?xml version="1.0" encoding="UTF-8"?>
<!DOCTYPE html PUBLIC "-//W3C//DTD XHTML 1.0 Transitional//EN"
    "http://www.w3.org/TR/xhtml1/DTD/xhtml1-transitional.dtd">
<html xmlns="http://www.w3.org/1999/xhtml" xml:lang="en" lang="en">
 <head>
  <title>
</title>
<meta http-equiv="Content-Type" content="text/html;charset=utf-8" />
  <meta name='ocr-system' content='tesseract 3.04.00' />
  <meta name='ocr-capabilities' content='ocr_page ocr_carea ocr_par ocr_line ocrx_word'/>
</head>
<body>
  <div class='ocr_page' id='page_1' title='image "./alusiadadeluizd00deslgoog_0181.png"; bbox 0 0 3384 5370; ppageno 0'>
   <div class='ocr_carea' id='block_1_1' title="bbox 937 381 1092 702">
    <p class='ocr_par' dir='ltr' id='par_1_1' title="bbox 937 381 1092 702">
     <span class='ocr_line' id='line_1_1' title="bbox 937 381 1092 429; baseline 0.006 -1"><span class='ocrx_word' id='word_1_1' title='bbox 937 381 1092 429; x_wconf 79' lang='lat' dir='ltr'>cusmnxr,</span> 
     </span>
     <span class='ocr_line' id='line_1_2' title="bbox 955 639 1069 702; baseline 0.009 -3"><span class='ocrx_word' id='word_1_2' title='bbox 955 639 1069 702; x_wconf 77' lang='lat' dir='ltr'>XXXffl</span> 
     </span>
    </p>
   </div>
   <div class='ocr_carea' id='block_1_2' title="bbox 460 901 1361 1841">
    <p class='ocr_par' dir='ltr' id='par_1_2' title="bbox 518 901 1170 988">
     <span class='ocr_line' id='line_1_3' title="bbox 518 901 1170 988; baseline -0.002 -18"><span class='ocrx_word' id='word_1_3' title='bbox 518 901 599 970; x_wconf 90' lang='lat' dir='ltr'>Otu</span> <span class='ocrx_word' id='word_1_4' title='bbox 617 902 749 979; x_wconf 76' lang='lat' dir='ltr'>Sertori,</span> <span class='ocrx_word' id='word_1_5' title='bbox 769 922 788 971; x_wconf 95' lang='lat' dir='ltr'>o</span> <span class='ocrx_word' id='word_1_6' title='bbox 807 910 841 970; x_wconf 94' lang='lat' dir='ltr'>tu</span> <span class='ocrx_word' id='word_1_7' title='bbox 860 901 1036 980; x_wconf 88' lang='lat' dir='ltr'>Coriolane,</span> <span class='ocrx_word' id='word_1_8' title='bbox 1056 902 1170 988; x_wconf 80' lang='lat' dir='ltr'>minaci</span> 
     </span>
    </p>

    <p class='ocr_par' dir='ltr' id='par_1_3' title="bbox 517 1025 1244 1116">
     <span class='ocr_line' id='line_1_4' title="bbox 517 1025 1244 1116; baseline 0.003 -22"><span class='ocrx_word' id='word_1_9' title='bbox 517 1025 655 1095; x_wconf 80' lang='lat' dir='ltr'>decincti</span> <span class='ocrx_word' id='word_1_10' title='bbox 675 1025 773 1106; x_wconf 92' lang='lat' dir='ltr'>lerro;</span> <span class='ocrx_word' id='word_1_11' title='bbox 795 1034 892 1116; x_wconf 89' lang='lat' dir='ltr'>tuque</span> <span class='ocrx_word' id='word_1_12' title='bbox 910 1045 930 1094; x_wconf 95' lang='lat' dir='ltr'>o</span> <span class='ocrx_word' id='word_1_13' title='bbox 948 1025 1091 1106; x_wconf 80' lang='lat' dir='ltr'>Catilina,</span> <span class='ocrx_word' id='word_1_14' title='bbox 1111 1025 1244 1096; x_wconf 90' lang='lat' dir='ltr'>nelando</span> 
     </span>
    </p>

    <p class='ocr_par' dir='ltr' id='par_1_4' title="bbox 460 1148 1304 1362">
     <span class='ocr_line' id='line_1_5' title="bbox 460 1148 1304 1242; baseline 0.001 -25"><span class='ocrx_word' id='word_1_15' title='bbox 460 1230 466 1242; x_wconf 25' lang='grc' dir='ltr'>ι</span> <span class='ocrx_word' id='word_1_16' title='bbox 516 1149 557 1217; x_wconf 89' lang='lat' dir='ltr'>Et</span> <span class='ocrx_word' id='word_1_17' title='bbox 577 1150 766 1240; x_wconf 76' lang='lat' dir='ltr'>quicumque</span> <span class='ocrx_word' id='word_1_18' title='bbox 784 1148 861 1218; x_wconf 91' lang='lat' dir='ltr'>olim</span> <span class='ocrx_word' id='word_1_19' title='bbox 878 1151 1022 1239; x_wconf 84' lang='lat' dir='ltr'>potuistis</span> <span class='ocrx_word' id='word_1_20' title='bbox 1040 1157 1166 1240; x_wconf 81' lang='lat' dir='ltr'>pectore</span> <span class='ocrx_word' id='word_1_21' title='bbox 1184 1149 1304 1219; x_wconf 87' lang='lat' dir='ltr'>bellum</span> 
     </span>
     <span class='ocr_line' id='line_1_6' title="bbox 517 1272 1226 1362; baseline 0.001 -21"><span class='ocrx_word' id='word_1_22' title='bbox 517 1273 618 1342; x_wconf 83' lang='lat' dir='ltr'>Moliri</span> <span class='ocrx_word' id='word_1_23' title='bbox 637 1274 767 1362; x_wconf 82' lang='lat' dir='ltr'>patriae,</span> <span class='ocrx_word' id='word_1_24' title='bbox 788 1283 820 1342; x_wconf 94' lang='lat' dir='ltr'>et</span> <span class='ocrx_word' id='word_1_25' title='bbox 838 1272 948 1342; x_wconf 89' lang='lat' dir='ltr'>rabido</span> <span class='ocrx_word' id='word_1_26' title='bbox 966 1275 1086 1343; x_wconf 82' lang='lat' dir='ltr'>saevire</span> <span class='ocrx_word' id='word_1_27' title='bbox 1105 1273 1226 1354; x_wconf 90' lang='lat' dir='ltr'>lurore;</span> 
     </span>
    </p>

    <p class='ocr_par' dir='ltr' id='par_1_5' title="bbox 516 1383 1361 1841">
     <span class='ocr_line' id='line_1_7' title="bbox 516 1383 1267 1488; baseline 0.003 -24"><span class='ocrx_word' id='word_1_28' title='bbox 516 1395 550 1464; x_wconf 87' lang='lat' dir='ltr'>Si</span> <span class='ocrx_word' id='word_1_29' title='bbox 569 1396 652 1465; x_wconf 92' lang='lat' dir='ltr'>diras</span> <span class='ocrx_word' id='word_1_30' title='bbox 670 1396 755 1466; x_wconf 87' lang='lat' dir='ltr'>luitis</span> <span class='ocrx_word' id='word_1_31' title='bbox 773 1398 938 1467; x_wconf 85' lang='lat' dir='ltr'>tenebroso</span> <span class='ocrx_word' id='word_1_32' title='bbox 957 1383 988 1465; x_wconf 91' lang='lat' dir='ltr'>in</span> <span class='ocrx_word' id='word_1_33' title='bbox 1008 1417 1131 1467; x_wconf 86' lang='lat' dir='ltr'>carcere</span> <span class='ocrx_word' id='word_1_34' title='bbox 1151 1405 1267 1488; x_wconf 87' lang='lat' dir='ltr'>poenas</span> 
     </span>
     <span class='ocr_line' id='line_1_8' title="bbox 517 1520 1285 1612; baseline 0 -23"><span class='ocrx_word' id='word_1_35' title='bbox 517 1520 657 1590; x_wconf 89' lang='lat' dir='ltr'>Tartarei</span> <span class='ocrx_word' id='word_1_36' title='bbox 677 1522 771 1610; x_wconf 75' lang='lat' dir='ltr'>regis</span> <span class='ocrx_word' id='word_1_37' title='bbox 792 1523 928 1612; x_wconf 85' lang='lat' dir='ltr'>speciem</span> <span class='ocrx_word' id='word_1_38' title='bbox 946 1522 1141 1610; x_wconf 83' lang='lat' dir='ltr'>praetendite</span> <span class='ocrx_word' id='word_1_39' title='bbox 1160 1523 1285 1612; x_wconf 88' lang='lat' dir='ltr'>culpae:</span> 
     </span>
     <span class='ocr_line' id='line_1_9' title="bbox 516 1646 1352 1737; baseline 0.002 -23"><span class='ocrx_word' id='word_1_40' title='bbox 516 1646 617 1715; x_wconf 84' lang='lat' dir='ltr'>Dicite</span> <span class='ocrx_word' id='word_1_41' title='bbox 636 1646 787 1736; x_wconf 88' lang='lat' dir='ltr'>quosdam</span> <span class='ocrx_word' id='word_1_42' title='bbox 806 1647 900 1717; x_wconf 89' lang='lat' dir='ltr'>etiam</span> <span class='ocrx_word' id='word_1_43' title='bbox 918 1646 1001 1717; x_wconf 86' lang='lat' dir='ltr'>Lusa</span> <span class='ocrx_word' id='word_1_44' title='bbox 1019 1647 1059 1717; x_wconf 92' lang='lat' dir='ltr'>de</span> <span class='ocrx_word' id='word_1_45' title='bbox 1078 1648 1229 1737; x_wconf 77' lang='lat' dir='ltr'>sanguine</span> <span class='ocrx_word' id='word_1_46' title='bbox 1248 1657 1352 1716; x_wconf 88' lang='lat' dir='ltr'>cretos</span> 
     </span>
     <span class='ocr_line' id='line_1_10' title="bbox 516 1763 1361 1841; baseline 0.001 -3"><span class='ocrx_word' id='word_1_47' title='bbox 516 1769 668 1840; x_wconf 83' lang='lat' dir='ltr'>Perfidiae</span> <span class='ocrx_word' id='word_1_48' title='bbox 687 1770 845 1839; x_wconf 89' lang='lat' dir='ltr'>interdum</span> <span class='ocrx_word' id='word_1_49' title='bbox 864 1772 966 1840; x_wconf 87' lang='lat' dir='ltr'>scelus</span> <span class='ocrx_word' id='word_1_50' title='bbox 985 1763 1162 1840; x_wconf 86' lang='lat' dir='ltr'>admississe</span> <span class='ocrx_word' id='word_1_51' title='bbox 1180 1771 1361 1841; x_wconf 83' lang='lat' dir='ltr'>notandum.</span> 
     </span>
    </p>
   </div>
   <div class='ocr_carea' id='block_1_3' title="bbox 937 2131 1073 2202">
    <p class='ocr_par' dir='ltr' id='par_1_6' title="bbox 937 2131 1073 2202">
     <span class='ocr_line' id='line_1_11' title="bbox 937 2131 1073 2202; baseline 0.007 -12"><span class='ocrx_word' id='word_1_52' title='bbox 937 2131 1073 2202; x_wconf 73' lang='lat' dir='ltr'>‚xxxiv</span> 
     </span>
    </p>
   </div>
   <div class='ocr_carea' id='block_1_4' title="bbox 516 2391 1391 3354">
    <p class='ocr_par' dir='ltr' id='par_1_7' title="bbox 516 2391 1391 3354">
     <span class='ocr_line' id='line_1_12' title="bbox 516 2391 1301 2488; baseline 0.001 -29"><span class='ocrx_word' id='word_1_53' title='bbox 516 2391 575 2459; x_wconf 86' lang='lat' dir='ltr'>Hic</span> <span class='ocrx_word' id='word_1_54' title='bbox 593 2399 772 2488; x_wconf 87' lang='lat' dir='ltr'>nostrorum</span> <span class='ocrx_word' id='word_1_55' title='bbox 791 2391 874 2460; x_wconf 86' lang='lat' dir='ltr'>acies</span> <span class='ocrx_word' id='word_1_56' title='bbox 892 2411 1053 2461; x_wconf 90' lang='lat' dir='ltr'>armorum</span> <span class='ocrx_word' id='word_1_57' title='bbox 1071 2393 1171 2482; x_wconf 88' lang='lat' dir='ltr'>prima</span> <span class='ocrx_word' id='word_1_58' title='bbox 1190 2392 1301 2461; x_wconf 80' lang='lat' dir='ltr'>fatiscit</span> 
     </span>
     <span class='ocr_line' id='line_1_13' title="bbox 516 2515 1379 2596; baseline 0 -13"><span class='ocrx_word' id='word_1_59' title='bbox 516 2515 670 2596; x_wconf 91' lang='lat' dir='ltr'>Pondere,</span> <span class='ocrx_word' id='word_1_60' title='bbox 690 2524 736 2585; x_wconf 93' lang='lat' dir='ltr'>tot</span> <span class='ocrx_word' id='word_1_61' title='bbox 754 2536 888 2586; x_wconf 91' lang='lat' dir='ltr'>numero</span> <span class='ocrx_word' id='word_1_62' title='bbox 906 2526 1018 2586; x_wconf 93' lang='lat' dir='ltr'>coeunt</span> <span class='ocrx_word' id='word_1_63' title='bbox 1036 2525 1067 2585; x_wconf 89' lang='lat' dir='ltr'>et</span> <span class='ocrx_word' id='word_1_64' title='bbox 1084 2517 1205 2586; x_wconf 86' lang='lat' dir='ltr'>viribus</span> <span class='ocrx_word' id='word_1_65' title='bbox 1221 2516 1344 2586; x_wconf 88' lang='lat' dir='ltr'>hostes:</span> <span class='ocrx_word' id='word_1_66' title='bbox 1376 2564 1379 2573; x_wconf 84' lang='lat'>-</span> 
     </span>
     <span class='ocr_line' id='line_1_14' title="bbox 516 2641 1324 2732; baseline 0.002 -22"><span class='ocrx_word' id='word_1_67' title='bbox 516 2641 580 2710; x_wconf 87' lang='lat' dir='ltr'>Ore</span> <span class='ocrx_word' id='word_1_68' title='bbox 598 2644 765 2732; x_wconf 86' lang='lat' dir='ltr'>animoque</span> <span class='ocrx_word' id='word_1_69' title='bbox 783 2642 870 2712; x_wconf 86' lang='lat' dir='ltr'>ferox</span> <span class='ocrx_word' id='word_1_70' title='bbox 889 2641 964 2711; x_wconf 89' lang='lat' dir='ltr'>lurit</span> <span class='ocrx_word' id='word_1_71' title='bbox 983 2643 1105 2732; x_wconf 82' lang='lat' dir='ltr'>agmine</span> <span class='ocrx_word' id='word_1_72' title='bbox 1123 2641 1243 2712; x_wconf 91' lang='lat' dir='ltr'>Nonius</span> <span class='ocrx_word' id='word_1_73' title='bbox 1261 2643 1324 2722; x_wconf 91' lang='lat' dir='ltr'>illo,</span> 
     </span>
     <span class='ocr_line' id='line_1_15' title="bbox 516 2767 1352 2858; baseline 0.001 -23"><span class='ocrx_word' id='word_1_74' title='bbox 516 2767 583 2836; x_wconf 87' lang='lat' dir='ltr'>Ceu</span> <span class='ocrx_word' id='word_1_75' title='bbox 601 2767 726 2857; x_wconf 85' lang='lat' dir='ltr'>Libyeis</span> <span class='ocrx_word' id='word_1_76' title='bbox 743 2767 857 2857; x_wconf 88' lang='lat' dir='ltr'>Septae</span> <span class='ocrx_word' id='word_1_77' title='bbox 875 2767 925 2836; x_wconf 91' lang='lat' dir='ltr'>leo</span> <span class='ocrx_word' id='word_1_78' title='bbox 942 2767 1103 2838; x_wconf 88' lang='lat' dir='ltr'>montibus</span> <span class='ocrx_word' id='word_1_79' title='bbox 1121 2767 1233 2858; x_wconf 80' lang='lat' dir='ltr'>igneus</span> <span class='ocrx_word' id='word_1_80' title='bbox 1251 2767 1352 2846; x_wconf 86' lang='lat' dir='ltr'>ardet,</span> 
     </span>
     <span class='ocr_line' id='line_1_16' title="bbox 516 2889 1371 2982; baseline 0 -22"><span class='ocrx_word' id='word_1_81' title='bbox 516 2889 598 2960; x_wconf 88' lang='lat' dir='ltr'>Cum</span> <span class='ocrx_word' id='word_1_82' title='bbox 615 2891 700 2961; x_wconf 89' lang='lat' dir='ltr'>videt</span> <span class='ocrx_word' id='word_1_83' title='bbox 717 2901 853 2960; x_wconf 87' lang='lat' dir='ltr'>armatas</span> <span class='ocrx_word' id='word_1_84' title='bbox 870 2893 1012 2982; x_wconf 91' lang='lat' dir='ltr'>equitum</span> <span class='ocrx_word' id='word_1_85' title='bbox 1032 2892 1199 2962; x_wconf 78' lang='lat' dir='ltr'>circumire</span> <span class='ocrx_word' id='word_1_86' title='bbox 1218 2900 1371 2970; x_wconf 82' lang='lat' dir='ltr'>catervas,</span> 
     </span>
     <span class='ocr_line' id='line_1_17' title="bbox 516 3015 1391 3105; baseline 0.001 -22"><span class='ocrx_word' id='word_1_87' title='bbox 516 3017 603 3098; x_wconf 87' lang='lat' dir='ltr'>Quae</span> <span class='ocrx_word' id='word_1_88' title='bbox 623 3025 743 3085; x_wconf 87' lang='lat' dir='ltr'>vastare</span> <span class='ocrx_word' id='word_1_89' title='bbox 762 3016 862 3086; x_wconf 89' lang='lat' dir='ltr'>solent</span> <span class='ocrx_word' id='word_1_90' title='bbox 879 3016 1008 3086; x_wconf 89' lang='lat' dir='ltr'>Tetuani</span> <span class='ocrx_word' id='word_1_91' title='bbox 1026 3015 1211 3085; x_wconf 83' lang='lat' dir='ltr'>excursibus</span> <span class='ocrx_word' id='word_1_92' title='bbox 1228 3031 1335 3105; x_wconf 72' lang='lat' dir='ltr'>agros}</span> <span class='ocrx_word' id='word_1_93' title='bbox 1387 3031 1391 3040; x_wconf 88' lang='lat'>·</span> 
     </span>
     <span class='ocr_line' id='line_1_18' title="bbox 517 3139 1279 3229; baseline 0 -21"><span class='ocrx_word' id='word_1_94' title='bbox 517 3139 622 3229; x_wconf 85' lang='lat' dir='ltr'>Seque</span> <span class='ocrx_word' id='word_1_95' title='bbox 639 3141 715 3229; x_wconf 90' lang='lat' dir='ltr'>peti,</span> <span class='ocrx_word' id='word_1_96' title='bbox 735 3140 853 3229; x_wconf 82' lang='lat' dir='ltr'>figique</span> <span class='ocrx_word' id='word_1_97' title='bbox 871 3139 977 3218; x_wconf 85' lang='lat' dir='ltr'>hastis,</span> <span class='ocrx_word' id='word_1_98' title='bbox 996 3148 1058 3208; x_wconf 86' lang='lat' dir='ltr'>stat</span> <span class='ocrx_word' id='word_1_99' title='bbox 1075 3140 1214 3210; x_wconf 84' lang='lat' dir='ltr'>concitus</span> <span class='ocrx_word' id='word_1_100' title='bbox 1232 3140 1279 3208; x_wconf 88' lang='lat' dir='ltr'>ira</span> 
     </span>
     <span class='ocr_line' id='line_1_19' title="bbox 517 3262 1365 3354; baseline -0.001 -23"><span class='ocrx_word' id='word_1_101' title='bbox 517 3262 735 3354; x_wconf 74' lang='lat' dir='ltr'>&#39;turbatusque</span> <span class='ocrx_word' id='word_1_102' title='bbox 755 3285 883 3354; x_wconf 90' lang='lat' dir='ltr'>parum;</span> <span class='ocrx_word' id='word_1_103' title='bbox 905 3285 1030 3350; x_wconf 87' lang='lat' dir='ltr'>semper</span> <span class='ocrx_word' id='word_1_104' title='bbox 1048 3263 1220 3336; x_wconf 80' lang='lat' dir='ltr'>formidinis</span> <span class='ocrx_word' id='word_1_105' title='bbox 1239 3283 1365 3353; x_wconf 84' lang='lat' dir='ltr'>expers.</span> 
     </span>
    </p>
   </div>
   <div class='ocr_carea' id='block_1_5' title="bbox 949 3623 1057 3684">
    <p class='ocr_par' dir='ltr' id='par_1_8' title="bbox 949 3623 1057 3684">
     <span class='ocr_line' id='line_1_20' title="bbox 949 3623 1057 3684; baseline 0 0"><span class='ocrx_word' id='word_1_106' title='bbox 949 3623 1057 3684; x_wconf 81' lang='lat' dir='ltr'>XXXV</span> 
     </span>
    </p>
   </div>
   <div class='ocr_carea' id='block_1_6' title="bbox 517 3861 1373 4596">
    <p class='ocr_par' dir='ltr' id='par_1_9' title="bbox 517 3861 1373 4596">
     <span class='ocr_line' id='line_1_21' title="bbox 519 3861 1210 3965; baseline 0 -11"><span class='ocrx_word' id='word_1_107' title='bbox 519 3885 614 3954; x_wconf 80' lang='lat' dir='ltr'>Fixus</span> <span class='ocrx_word' id='word_1_108' title='bbox 634 3885 663 3953; x_wconf 94' lang='lat' dir='ltr'>in</span> <span class='ocrx_word' id='word_1_109' title='bbox 684 3884 796 3954; x_wconf 87' lang='lat' dir='ltr'>obtutu</span> <span class='ocrx_word' id='word_1_110' title='bbox 813 3894 902 3954; x_wconf 84' lang='lat' dir='ltr'>torro</span> <span class='ocrx_word' id='word_1_111' title='bbox 921 3861 1070 3965; x_wconf 77' lang='lat' dir='ltr'>consistit,</span> <span class='ocrx_word' id='word_1_112' title='bbox 1092 3895 1123 3955; x_wconf 86' lang='lat' dir='ltr'>et</span> <span class='ocrx_word' id='word_1_113' title='bbox 1141 3886 1210 3954; x_wconf 87' lang='lat' dir='ltr'>illos</span> 
     </span>
     <span class='ocr_line' id='line_1_22' title="bbox 517 4007 1334 4100; baseline 0.004 -25"><span class='ocrx_word' id='word_1_114' title='bbox 517 4007 674 4098; x_wconf 86' lang='lat' dir='ltr'>Respicit;</span> <span class='ocrx_word' id='word_1_115' title='bbox 695 4016 726 4077; x_wconf 91' lang='lat' dir='ltr'>et</span> <span class='ocrx_word' id='word_1_116' title='bbox 745 4017 856 4077; x_wconf 89' lang='lat' dir='ltr'>natura</span> <span class='ocrx_word' id='word_1_117' title='bbox 875 4009 972 4088; x_wconf 87' lang='lat' dir='ltr'>lerox,</span> <span class='ocrx_word' id='word_1_118' title='bbox 993 4009 1104 4099; x_wconf 85' lang='lat' dir='ltr'>risque</span> <span class='ocrx_word' id='word_1_119' title='bbox 1124 4011 1212 4100; x_wconf 84' lang='lat' dir='ltr'>ignea</span> <span class='ocrx_word' id='word_1_120' title='bbox 1231 4010 1334 4079; x_wconf 83' lang='lat' dir='ltr'>cordis</span> 
     </span>
     <span class='ocr_line' id='line_1_23' title="bbox 518 4133 1363 4224; baseline 0 -22"><span class='ocrx_word' id='word_1_121' title='bbox 518 4133 587 4202; x_wconf 95' lang='lat' dir='ltr'>Non</span> <span class='ocrx_word' id='word_1_122' title='bbox 606 4135 677 4201; x_wconf 87' lang='lat' dir='ltr'>sinit</span> <span class='ocrx_word' id='word_1_123' title='bbox 696 4133 742 4202; x_wconf 91' lang='lat' dir='ltr'>ire</span> <span class='ocrx_word' id='word_1_124' title='bbox 761 4142 857 4213; x_wconf 94' lang='lat' dir='ltr'>retro,</span> <span class='ocrx_word' id='word_1_125' title='bbox 878 4133 953 4223; x_wconf 92' lang='lat' dir='ltr'>quin</span> <span class='ocrx_word' id='word_1_126' title='bbox 973 4153 1006 4203; x_wconf 88' lang='lat' dir='ltr'>se</span> <span class='ocrx_word' id='word_1_127' title='bbox 1025 4133 1105 4202; x_wconf 90' lang='lat' dir='ltr'>saltu</span> <span class='ocrx_word' id='word_1_128' title='bbox 1124 4137 1237 4224; x_wconf 84' lang='lat' dir='ltr'>ingerit</span> <span class='ocrx_word' id='word_1_129' title='bbox 1255 4134 1363 4212; x_wconf 88' lang='lat' dir='ltr'>hastis,</span> 
     </span>
     <span class='ocr_line' id='line_1_24' title="bbox 520 4255 1373 4348; baseline 0.002 -24"><span class='ocrx_word' id='word_1_130' title='bbox 520 4255 673 4329; x_wconf 90' lang='lat' dir='ltr'>Fervidus</span> <span class='ocrx_word' id='word_1_131' title='bbox 691 4265 733 4336; x_wconf 92' lang='lat' dir='ltr'>et,</span> <span class='ocrx_word' id='word_1_132' title='bbox 754 4257 829 4326; x_wconf 85' lang='lat' dir='ltr'>ferri</span> <span class='ocrx_word' id='word_1_133' title='bbox 848 4277 938 4348; x_wconf 79' lang='lat' dir='ltr'>seges</span> <span class='ocrx_word' id='word_1_134' title='bbox 957 4267 1004 4328; x_wconf 88' lang='lat' dir='ltr'>est</span> <span class='ocrx_word' id='word_1_135' title='bbox 1023 4279 1084 4348; x_wconf 90' lang='lat' dir='ltr'>qua</span> <span class='ocrx_word' id='word_1_136' title='bbox 1103 4259 1241 4337; x_wconf 87' lang='lat' dir='ltr'>densior,</span> <span class='ocrx_word' id='word_1_137' title='bbox 1261 4261 1373 4327; x_wconf 87' lang='lat' dir='ltr'>instat:</span> 
     </span>
     <span class='ocr_line' id='line_1_25' title="bbox 521 4378 1271 4462; baseline 0.004 -15"><span class='ocrx_word' id='word_1_138' title='bbox 521 4379 612 4448; x_wconf 88' lang='lat' dir='ltr'>Haud</span> <span class='ocrx_word' id='word_1_139' title='bbox 631 4378 723 4449; x_wconf 88' lang='lat' dir='ltr'>aliter</span> <span class='ocrx_word' id='word_1_140' title='bbox 740 4381 860 4450; x_wconf 84' lang='lat' dir='ltr'>cinctus</span> <span class='ocrx_word' id='word_1_141' title='bbox 878 4382 947 4450; x_wconf 88' lang='lat' dir='ltr'>telis</span> <span class='ocrx_word' id='word_1_142' title='bbox 965 4390 1026 4450; x_wconf 84' lang='lat' dir='ltr'>stat</span> <span class='ocrx_word' id='word_1_143' title='bbox 1044 4381 1161 4450; x_wconf 91' lang='lat' dir='ltr'>Nonius</span> <span class='ocrx_word' id='word_1_144' title='bbox 1168 4405 1175 4462; x_wconf 93' lang='lat'>;</span> <span class='ocrx_word' id='word_1_145' title='bbox 1193 4395 1271 4451; x_wconf 85' lang='lat' dir='ltr'>¹ense</span> 
     </span>
     <span class='ocr_line' id='line_1_26' title="bbox 520 4504 1280 4596; baseline 0.003 -24"><span class='ocrx_word' id='word_1_146' title='bbox 520 4505 687 4584; x_wconf 86' lang='lat' dir='ltr'>Fulminat,</span> <span class='ocrx_word' id='word_1_147' title='bbox 707 4504 811 4574; x_wconf 90' lang='lat' dir='ltr'>hostili</span> <span class='ocrx_word' id='word_1_148' title='bbox 830 4507 950 4576; x_wconf 86' lang='lat' dir='ltr'>circum</span> <span class='ocrx_word' id='word_1_149' title='bbox 969 4508 1049 4596; x_wconf 76' lang='lat' dir='ltr'>rigat</span> <span class='ocrx_word' id='word_1_150' title='bbox 1066 4527 1139 4576; x_wconf 89' lang='lat' dir='ltr'>arva</span> <span class='ocrx_word' id='word_1_151' title='bbox 1157 4526 1280 4576; x_wconf 88' lang='lat' dir='ltr'>cruore.</span> 
     </span>
    </p>
   </div>
   <div class='ocr_carea' id='block_1_7' title="bbox 378 4627 1288 4720">
    <p class='ocr_par' dir='ltr' id='par_1_10' title="bbox 378 4627 1288 4720">
     <span class='ocr_line' id='line_1_27' title="bbox 378 4627 1288 4720; baseline 0.004 -27"><span class='ocrx_word' id='word_1_152' title='bbox 378 4679 384 4693; x_wconf 89' lang='lat'><strong>.</strong></span> <span class='ocrx_word' id='word_1_153' title='bbox 421 4653 425 4662; x_wconf 87' lang='lat'><strong>·</strong></span> <span class='ocrx_word' id='word_1_154' title='bbox 520 4629 597 4698; x_wconf 87' lang='lat' dir='ltr'>Pars</span> <span class='ocrx_word' id='word_1_155' title='bbox 615 4627 697 4696; x_wconf 87' lang='lat' dir='ltr'>eadit</span> <span class='ocrx_word' id='word_1_156' title='bbox 715 4649 733 4697; x_wconf 91' lang='lat' dir='ltr'>o</span> <span class='ocrx_word' id='word_1_157' title='bbox 752 4630 859 4711; x_wconf 87' lang='lat' dir='ltr'>sociis;</span> <span class='ocrx_word' id='word_1_158' title='bbox 878 4650 1049 4720; x_wconf 85' lang='lat' dir='ltr'>parvorum</span> <span class='ocrx_word' id='word_1_159' title='bbox 1067 4629 1168 4700; x_wconf 89' lang='lat' dir='ltr'>vivida</span> <span class='ocrx_word' id='word_1_160' title='bbox 1187 4631 1288 4700; x_wconf 80' lang='lat' dir='ltr'>virtus</span> 
     </span>
    </p>
   </div>
   <div class='ocr_carea' id='block_1_8' title="bbox 521 4754 1274 4825">
    <p class='ocr_par' dir='ltr' id='par_1_11' title="bbox 521 4754 1274 4825">
     <span class='ocr_line' id='line_1_28' title="bbox 521 4754 1274 4825; baseline -0.003 -1"><span class='ocrx_word' id='word_1_161' title='bbox 521 4754 682 4824; x_wconf 81' lang='lat' dir='ltr'>lnterclnm</span> <span class='ocrx_word' id='word_1_162' title='bbox 700 4754 844 4824; x_wconf 86' lang='lat' dir='ltr'>olnuitur</span> <span class='ocrx_word' id='word_1_163' title='bbox 863 4757 1021 4825; x_wconf 83' lang='lat' dir='ltr'>numerosi</span> <span class='ocrx_word' id='word_1_164' title='bbox 1041 4757 1148 4825; x_wconf 83' lang='lat' dir='ltr'>militis</span> <span class='ocrx_word' id='word_1_165' title='bbox 1169 4757 1274 4825; x_wconf 82' lang='lat' dir='ltr'>mmlx.</span> 
     </span>
    </p>
   </div>
   <div class='ocr_carea' id='block_1_9' title="bbox 0 0 1699 5370">
    <p class='ocr_par' dir='ltr' id='par_1_12' title="bbox 0 0 1699 5370">
     <span class='ocr_line' id='line_1_29' title="bbox 0 0 1699 5370; baseline 0 0"><span class='ocrx_word' id='word_1_166' title='bbox 0 0 1699 5370; x_wconf 95' lang='lat' dir='ltr'> </span> 
     </span>
    </p>
   </div>
  </div>
 </body>
</html>
