3406 5378
910 425 1067 473 nnsunnn

928 682 1051 746 xxxii

495 907 587 993 Quod
607 906 632 975 si
653 913 737 974 tanta
755 903 850 993 hujus
869 911 974 974 movet
992 901 1187 993 indulgentia
1205 901 1323 971 classis.

442 1099 573 1183 Displicet
586 1097 709 1160 omnino.

493 1283 526 1353 Si
545 1292 598 1353 tun
614 1288 774 1372 respectat
791 1278 895 1348 insam
914 1277 1080 1348 clementia
1099 1278 1244 1346 classem.

918 1621 1056 1686 11111111

489 1739 631 1832 Ignibus.

436 1948 525 2031 lynea
539 1949 678 2032 superins,
691 1947 736 2009 hie
750 1947 871 2028 iyniine,
883 1965 947 2007 mox
962 1947 1039 2026 inne,
1054 1955 1149 2027 postea
1162 1945 1249 2027 t'ynen
1263 1944 1406 2008 Vneebnio
1420 1945 1491 2028 igni,
1505 1961 1533 2010 et
1542 1947 1588 2011 de·

337 2129 340 2138 ι
382 2044 480 2109 rivatis
494 2047 612 2110 nimium
627 2047 787 2128 frequenter
801 2045 888 2107 utitur
902 2042 1044 2117 nacedus,
1059 2043 1182 2107 abutitur
1195 2063 1406 2126 nonnunquam.

909 2392 1064 2458 xxxvii

499 2659 606 2676 .....
615 2605 718 2675 taciti.
735 2657 742 2674 .
760 2657 767 2674 .
784 2603 946 2695 nuderis,

439 2797 497 2862 Gur
511 2818 567 2860 non
581 2796 672 2880 potins
683 2817 689 2858 :
701 2796 790 2858 casti?

934 3096 1039 3159 xnin

493 3363 501 3380 .
518 3362 526 3378 .
543 3364 550 3378 .
567 3308 690 3379 noetis.
708 3308 853 3378 numine
873 3306 1032 3378 vecibus..
1049 3360 1056 3375 .
1073 3361 1081 3376 .

433 3498 535 3562 Audax
555 3517 621 3561 sane
643 3497 761 3573 inenti03
780 3497 829 3560 sed
847 3496 920 3579 apud
936 3495 1068 3560 Ovidium
1085 3494 1217 3557 habetur:
1234 3495 1308 3575 foeta
1320 3495 1421 3577 finiere
1434 3495 1578 3582 Mannum

379 3598 455 3681 quod
469 3609 562 3660 temen
576 3597 694 3660 muitum
708 3596 810 3659 differt.

932 3965 1031 4029 XLVI

484 4073 570 4160 Quin
587 4073 683 4142 etiam
701 4073 826 4162 piures.
843 4126 850 4140 .
867 4121 875 4138 .
892 4125 899 4140 .

416 4261 509 4362 ¹Hane
522 4282 578 4324 non
592 4280 691 4344 perum
705 4261 836 4344 implicite
850 4272 915 4323 sunt
929 4273 955 4323 et
967 4247 1099 4324 contenta.
1118 4259 1181 4322 Mea
1194 4256 1282 4321 dabo:

484 4443 577 4514 Lusis
595 4453 671 4513 tune
690 4443 805 4513 multos
823 4462 983 4534 pugnaces
1002 4442 1140 4512 subdere
1160 4439 1237 4511 colla

453 4645 460 4654 ,
482 4568 566 4639 Eoos
585 4588 688 4658 reges,
710 4568 850 4637 devictos
868 4567 1134 4648 ma1·te,nidehis;

482 4693 523 4762 Et
542 4692 587 4762 sie
607 4692 769 4771 Lusiadas,
790 4693 948 4762 submisso
967 4693 1099 4762 Oriente
1117 4691 1246 4791 potitos!

482 4817 558 4886 Jnna
579 4817 668 4897 dare,
690 4827 721 4887 et
740 4825 862 4887 sencias
881 4818 1006 4909 populis
1025 4820 1190 4908 imponere
1210 4817 1306 4906 leges
