3394 5372
920 471 1077 522 ausinora

952 727 1042 790 LXIX

503 988 671 1060 Fructibus
688 988 738 1060 hic
755 989 853 1060 fessos
870 991 1016 1081 populns,
1036 989 1234 1082 dapibusque
1252 991 1371 1074 refecit,
1467 1083 1475 1098 ·

503 1113 562 1183 Hic
579 1115 678 1184 amnis
696 1115 854 1186 recreavit
871 1117 977 1206 aquis:
996 1113 1053 1186 sed
1071 1115 1156 1185 uuila
1174 1115 1295 1186 terebat

502 1237 598 1328 Signa
616 1247 720 1309 tamen
739 1259 817 1330 gens
833 1238 886 1308 ilia
904 1238 993 1310 rudis
1009 1239 1128 1314 telluris
1145 1240 1242 1322 ane,

502 1362 645 1447 Quacum
662 1364 716 1434 uir
734 1363 823 1434 licuit
841 1363 1027 1435 commercia
1042 1363 1176 1456 jungere
1194 1364 1331 1455 linguae.

502 1487 603 1570 Nunc,
623 1507 691 1578 age,
711 1495 870 1558 terrarum
887 1463 1030 1579 quantos,
1051 1486 1119 1559 Rex
1136 1489 1250 1578 aspice,
1270 1497 1390 1558 tractus

502 1611 641 1694 Emensi‚
662 1611 741 1682 fines
759 1613 835 1703 quin
853 1611 945 1683 nobis
963 1633 1103 1704 unquam
1120 1613 1273 1684 excedere
1292 1615 1395 1704 gentis

502 1736 669 1806 Possemus
686 1745 803 1817 torvae,
824 1737 902 1827 quin
919 1737 1010 1808 nobis
1027 1736 1091 1808 ulia
1110 1745 1255 1827 patercnt

502 1859 619 1930 Indicia
636 1859 731 1940 ane,
751 1881 808 1930 nos
826 1861 875 1930 his
892 1862 1079 1932 accessimus
1096 1863 1172 1932 oris.

956 2219 1035 2284 LXX

502 2479 593 2553 Nunc
610 2483 780 2573 perpende,
801 2502 925 2573 precor,
945 2483 1050 2553 tractis
1069 2502 1163 2574 quarn
1182 2481 1304 2554 uiribus
1321 2503 1431 2554 omnes

503 2606 710 2698 Dejectosque
728 2607 840 2679 animis
856 2627 914 2678 nos
931 2608 1014 2677 inter
1031 2607 1171 2698 oportuit
1188 2606 1289 2678 undas

502 2731 580 2802 Esse
597 2733 705 2813 maris,
723 2732 885 2822 victosque
902 2733 994 2814 tame,
1013 2751 1205 2823 quassusque
1223 2730 1380 2822 procellis,

502 2855 668 2926 Sideribus
686 2857 791 2938 variis,
811 2857 990 2946 miseroque
1008 2875 1117 2926 errore
1133 2856 1276 2932 viamm:

502 2980 634 3070 Jamque
652 2981 730 3071 spei,
749 2980 858 3060 lassos,
878 2999 935 3050 nos
952 2979 1052 3050 taedia
1070 2979 1162 3070 longa
1180 2980 1338 3062 tenebant,

502 3103 543 3175 Et
560 3123 661 3196 prope
678 3097 831 3195 cogeba'nt
849 3103 967 3175 millam
985 3123 1113 3194 sperare
1131 3089 1264 3174 salutem

504 3227 639 3299 Jactatos
656 3229 766 3319 pclago
785 3237 849 3298 tam
867 3229 962 3320 longo
981 3238 1132 3319 tempore,
1153 3238 1184 3299 et
1203 3236 1285 3298 astra

504 3351 675 3424 Cernentes
693 3353 787 3423 toties
805 3354 933 3424 insuetis
951 3354 1045 3424 noxia
1063 3353 1163 3456 nobis.

948 3711 1039 3774 LXX}

504 3977 574 4046 Jam
591 3975 693 4067 pelagi
712 3975 817 4065 gravis
834 3996 910 4044 aura
928 3975 1017 4046 cibos
1035 3977 1212 4056 vitiaverat,
1232 3977 1346 4046 humor

504 4099 679 4192 Corruptus
696 4099 786 4170 foede
804 4100 938 4170 miseros
955 4099 1134 4191 depascitur
1151 4109 1258 4170 artus:

502 4225 652 4296 Laetitiae
670 4224 812 4296 coelestis
830 4245 888 4294 nec
906 4225 984 4294 leuis
1001 4224 1116 4294 umbra
1134 4224 1242 4296 rclicta

502 4351 605 4441 Saepe
623 4350 691 4431 tuit,
712 4350 824 4420 saltem
842 4369 922 4440 quae
941 4369 995 4439 spe
1013 4369 1071 4420 nos
1088 4348 1197 4420 fallere
1214 4359 1330 4439 posset.

503 4477 610 4547 Hocnc
623 4486 726 4566 putas
740 4475 892 4565 juvenum
912 4474 1007 4565 quod,
1023 4494 1074 4544 me
1091 4474 1182 4554 duce,
1199 4475 1354 4565 conspicis
1366 4452 1490 4566 agmen,
1572 4475 1576 4484 '

502 4601 542 4672 Ni
560 4601 680 4670 Lusum
697 4598 789 4682 foret,
809 4610 839 4670 et
858 4599 927 4670 luso
946 4620 1020 4670 cum
1037 4600 1191 4691 sanguine
1210 4600 1361 4671 honoram

502 4724 671 4795 lmbiberet
688 4732 839 4806 mentem,
858 4745 916 4815 per
933 4733 1018 4795 tanta
1036 4724 1175 4814 pericula
1193 4725 1303 4806 fidum,

501 4847 748 4938 Subjectumque
767 4849 820 4937 pio
838 4849 957 4937 Regivc
975 4847 1088 4918 ducite
1107 4848 1270 4918 futurum?
