3440 5392
498 437 504 452 .
616 399 705 453 ullum
724 400 837 452 nulllus

683 663 776 726 XXIV

229 921 410 996 immortale
429 945 529 1016 genus
547 932 712 1016 superum,
733 927 824 1017 queis
842 936 925 996 astra
944 936 1051 996 tenere

229 1051 325 1121 Posse
344 1051 463 1130 datum,
484 1058 515 1121 et
534 1049 620 1121 Coeli
639 1051 753 1121 nitidos
770 1050 911 1120 habitare
929 1060 1071 1141 penates:

230 1177 265 1245 Si
282 1195 339 1245 vos
357 1176 528 1245 Lusiadum
546 1177 656 1256 virtus,
677 1177 703 1244 si
722 1174 833 1245 bellica
850 1176 959 1245 lllartis

231 1302 339 1370 Gloria
356 1301 459 1390 pulsat
477 1299 590 1380 adhue,
611 1309 642 1370 et
660 1300 764 1370 debita
783 1321 857 1369 rura
878 1308 1032 1382 reoursat;

231 1427 325 1495 Seitis
343 1425 381 1495 ab
400 1425 530 1494 arbitrio
548 1425 635 1494 Coeli
654 1426 784 1515 Fatique
802 1433 944 1514 potentes

231 1551 365 1620 Deremi
384 1550 450 1619 lore
469 1549 629 1628 Lusiadas,
651 1548 817 1619 fortissima
835 1549 918 1618 bello

231 1677 372 1757 Pectora,
391 1685 427 1745 ut
445 1679 601 1746 emineant
620 1676 690 1757 soli,
710 1676 881 1765 sileantque
900 1677 1014 1765 sepulti

231 1801 352 1888 Assyrii
370 1809 402 1870 et
420 1801 543 1881 Persae,
566 1801 685 1869 Graeca
704 1809 736 1868 et
754 1801 892 1868 llomana
911 1820 1063 1890 propago.

689 2154 771 2223 XXV

234 2423 366 2514 lamque
385 2424 445 2494 illis
462 2423 661 2515 (meministis
679 2424 776 2517 onim)
794 2425 933 2494 lllavorte
952 2425 1100 2506 seeundo,

233 2549 380 2618 lllaurum
397 2549 531 2631 hostem,
551 2545 752 2640 validumque
772 2549 876 2630 annis,
898 2550 1072 2640 opibusque
1092 2558 1251 2638 potentem

234 2673 375 2754 Viribus,
395 2676 517 2764 exiguis
535 2675 623 2744 liouit
641 2674 798 2764 depellere
817 2675 922 2754 terris

234 2797 320 2882 Quas
337 2797 442 2888 Tagus
459 2798 588 2868 undanti
606 2799 783 2880 foecundat,
804 2807 835 2868 et
852 2799 961 2888 irrigat
979 2818 1072 2880 aur0;

234 2921 318 3006 Quin
336 2925 430 2992 etiam
449 2922 636 3013 Hesperium
655 2923 803 2994 sidentem
821 2923 942 2993 viribus
960 2925 1081 2993 hostem

235 3045 384 3116 Contudit
401 3047 544 3127 assiduis
564 3048 694 3138 prodivi
713 3048 836 3137 sydere,
854 3048 956 3128 bellis,

235 3173 370 3262 Semper
387 3173 486 3244 Marte
505 3173 604 3254 ferox,
624 3174 721 3263 partis
740 3175 791 3243 eui
810 3173 908 3262 gloria
928 3173 1038 3263 palmis

236 3297 380 3388 Semper,
401 3307 432 3367 et
450 3279 563 3366 erectis
580 3297 717 3367 blandita
735 3307 782 3366 est
800 3301 880 3369 lama
900 3297 1067 3387 trophaeis.

688 3658 780 3721 xxrr
874 3642 878 3658 '

239 3915 422 4001 Praetereo,
442 3919 568 4010 Superi,
589 3920 648 3989 sibi
667 3941 762 4010 quam
780 3939 933 4011 peperere
951 3930 1106 3991 vetustam

235 4044 418 4114 Romulidas
436 4045 517 4114 inter
535 4045 614 4113 laete
633 4045 673 4114 ob
692 4045 843 4116 Mavortia
861 4046 986 4126 laruam,

236 4167 319 4238 Cum
337 4170 418 4239 duee
435 4169 591 4239 Romanos
599 4170 718 4240 Viriato
735 4173 860 4239 vincere
878 4170 961 4240 hello

235 4293 277 4364 Et
295 4302 426 4384 potuere
443 4292 559 4373 hostes,
580 4304 695 4364 tantam
715 4304 746 4363 et
765 4295 823 4364 sibi
839 4295 973 4385 jungere
992 4295 1118 4365 lamam,

236 4417 302 4487 Neo
320 4418 453 4487 referam
470 4427 671 4488 monumenta
690 4420 810 4488 animos
829 4418 1018 4488 stimulantis
1036 4420 1110 4489 belli

236 4541 271 4610 ln
291 4541 414 4622 decora,
436 4552 601 4612 externum
621 4543 678 4612 sibi
699 4563 771 4611 eum
791 4551 927 4612 statuere
947 4542 1114 4634 legendnm

235 4665 315 4734 Esse
333 4665 460 4747 ducem,
479 4667 611 4757 populos
630 4667 683 4757 qui
702 4667 783 4737 bella
803 4687 917 4736 nouare
935 4668 1046 4756 coegit,

236 4793 364 4880 Syderis
383 4789 480 4861 aillari
502 4802 696 4862 commentus
714 4795 841 4864 numine
860 4794 993 4864 damam.
