3406 5378
615 453 703 500 xxnnn
728 455 859 502 necinus

714 703 760 764 cl,

243 964 362 1033 Omnes
379 973 445 1033 arte
464 964 567 1054 aliqua
586 985 665 1056 quos
683 983 792 1035 cernes
810 985 963 1056 quaerere
982 966 1112 1047 victum,

243 1086 374 1156 Viribus
392 1087 508 1177 ingenii
526 1087 669 1168 fidentes
691 1091 810 1179 respice
830 1089 947 1158 fautor:

244 1211 339 1280 Satra
358 1211 424 1281 Deo
442 1211 565 1292 cohors,
585 1211 766 1294 Dominum,
786 1213 906 1295 devota,
926 1223 1075 1303 precetur

243 1335 380 1426 Sospitet
398 1343 434 1404 ut
452 1356 573 1426 regem,
594 1355 691 1425 regno
711 1335 872 1428 laventque
891 1336 1063 1428 benignus:

243 1458 382 1549 Castiget
400 1480 525 1560 corpus,
545 1437 636 1550 longa
655 1469 686 1529 et
701 1460 820 1550 jejunia
840 1471 944 1532 servet

244 1583 305 1652 Pro
323 1583 431 1674 populi
448 1585 544 1666 uitiis,
564 1605 621 1655 nec
641 1606 761 1656 summa
780 1595 811 1656 et
829 1585 935 1655 nubila
952 1595 1070 1676 captet;
1148 1648 1159 1676 ,

243 1708 323 1777 Nam
341 1707 512 1778 monachus
529 1729 634 1789 verus,
655 1711 709 1798 qui
728 1708 781 1779 tali
800 1719 847 1779 est
865 1711 990 1780 nomine
1008 1711 1132 1801 dignus,

243 1831 374 1901 Divitias
393 1833 515 1912 temnit,
535 1853 631 1903 vanos
649 1841 679 1902 et
698 1833 816 1923 spernit
833 1834 976 1904 honores.

708 2193 765 2252 ull

244 2455 410 2526 Nobilitate
429 2455 513 2525 viros
532 2465 562 2524 et
580 2438 714 2524 dextrae
726 2455 839 2525 robore
859 2456 971 2536 claros

244 2580 304 2649 Pro
322 2580 455 2660 meritis
475 2579 581 2670 magni
599 2601 725 2671 semper
742 2579 846 2662 laoitn,
865 2581 983 2671 optime
1000 2580 1167 2671 Princeps3

243 2705 321 2773 Nam
340 2704 455 2774 Christi
475 2705 562 2795 regni
580 2713 716 2796 pergunt
734 2704 901 2774 extendere
921 2703 1011 2786 lines

244 2829 286 2898 Et
303 2829 390 2919 regni
409 2830 488 2898 fines
505 2829 595 2919 cujus
613 2827 817 2900 moderabere
837 2829 971 2908 clavum,

244 2953 462 3045 auspiciisque
482 2957 544 3023 tuis
562 2954 690 3044 quaevis
707 2963 828 3023 tentare
846 2955 956 3043 parati,

244 3077 369 3147 Audeat
388 3081 518 3166 ignotas,
538 3077 621 3157 laeti,
642 3085 856 3147 transcurrere
875 3076 912 3147 ad
932 3097 1019 3146 oras:

244 3201 282 3270 lli
302 3201 408 3292 plnres
428 3210 576 3291 superant
593 3200 709 3281 hostes
730 3201 881 3270 mavortia
900 3221 1013 3292 nempe

244 3324 389 3414 Agmina,
411 3335 443 3394 et
462 3327 604 3412 ingentes
621 3330 768 3414 terraque
787 3325 930 3416 marique
950 3325 1083 3395 labores.

705 3686 774 3747 CLll

244 3949 327 4018 Cura
346 3949 439 4018 etiam
457 3969 587 4038 gneum,
607 3948 721 4017 merito
740 3969 819 4038 quius
837 3949 966 4038 suscipit
983 3949 1081 4030 orbis,

245 4073 405 4154 Germani,
425 4093 461 4142 ac
478 4072 557 4153 ltali,
579 4071 733 4161 Gallique,
749 4069 905 4161 anglique
925 4070 1063 4161 superbi,

244 4198 291 4266 Ne
306 4197 424 4287 jactent
443 4199 543 4267 Lusos
560 4196 674 4267 melius
691 4215 802 4286 parere
820 4196 956 4284 regenti,

244 4324 346 4407 Quam
365 4317 490 4414 populis
505 4323 605 4413 justas
624 4322 779 4412 sapienter
797 4341 916 4410 ponere
932 4320 1029 4410 leges.

244 4447 399 4538 Expertus
418 4466 524 4517 rerum
544 4446 638 4528 soloS,
658 4447 736 4526 Rex,
757 4445 884 4516 consule
903 4465 1040 4535 semper,

244 4573 340 4657 Queis
359 4571 457 4651 licuit,
478 4571 591 4661 dignis,
613 4572 738 4661 longam
755 4569 926 4640 decurrere
945 4571 1055 4652 vitam:

245 4695 325 4766 Nam
344 4697 488 4787 quamvis
506 4694 641 4764 multum
660 4695 834 4764 venerenda
853 4693 983 4763 scientia
1000 4696 1110 4782 prosit,

248 4820 363 4925 Utilior
382 4821 490 4890 multis
511 4827 558 4888 est
576 4820 767 4909 experientia
785 4819 889 4888 relius.
