3384 5372
949 471 1101 520 nusmnnn

898 751 906 768 ·
966 728 1087 791 XXXIX

528 992 586 1064 llio
606 993 724 1082 pariter
743 991 844 1081 pictos
862 990 950 1076 alios,
971 989 1148 1080 multosque
1166 983 1307 1072 viderem

528 1117 682 1206 Tempore
701 1115 755 1185 sed
772 1123 879 1184 nostro
898 1114 1045 1204 pingendi
1063 1115 1146 1184 nulla
1165 1123 1304 1205 potestas

527 1241 649 1310 Restat:
670 1239 805 1331 peniculi
825 1240 947 1320 desunt,
969 1239 1143 1329 desuntque
1161 1240 1292 1320 colores,

528 1363 645 1442 Gratia,
666 1363 756 1442 dona,
777 1363 893 1454 quibus
910 1363 1023 1432 llorent
1041 1370 1189 1453 artesque
1206 1364 1390 1454 vigentque:

527 1487 706 1577 Degeneres
724 1487 843 1555 animos
861 1487 960 1576 possis
979 1487 1106 1576 culpare
1124 1495 1287 1576 nepotum,

527 1611 599 1694 Qui,
620 1610 754 1679 stimolis
771 1608 865 1679 nullis
885 1610 1022 1699 impulsi,
1044 1611 1186 1700 exempla
1205 1619 1371 1700 parentum

527 1734 731 1824 Spernentes,
750 1734 869 1804 malunt
888 1733 1055 1804 obscuram
1073 1734 1188 1824 degere
1206 1735 1312 1816 vitam,

526 1858 669 1928 Demersi
688 1877 784 1928 ooeno
803 1877 866 1948 quo
884 1858 998 1948 gaudet
1016 1857 1106 1928 loeda
1126 1858 1279 1947 voluptas.

997 2215 1046 2277 XL

525 2478 658 2568 lllajores
676 2477 718 2547 illi
740 2477 841 2548 olarae
861 2477 913 2567 qui
932 2477 1034 2566 prima
1053 2477 1193 2546 locarunt

526 2603 738 2672 Fundamenta
757 2602 850 2670 domo
869 2621 949 2690 quae
967 2621 1049 2670 nuno
1067 2609 1131 2669 tam
1150 2599 1311 2691 splendida
1329 2601 1433 2692 lulget,

525 2727 595 2796 Non
613 2727 827 2796 detrectarunt
845 2745 975 2814 magnos
994 2724 1127 2794 tolerare
1146 2724 1276 2805 labores

525 2849 650 2921 Virtute
669 2860 704 2919 ut
722 2851 860 2919 lacerent
879 2847 1016 2918 illustres
1033 2867 1129 2937 seque
1148 2869 1294 2938 suosque.

526 2974 643 3064 Ignari!
666 2974 814 3064 quoniam
832 2979 989 3062 pertenta
1008 2971 1145 3061 pericula
1162 2992 1311 3061 magnum

526 3099 560 3168 Si
578 3118 726 3168 mernere
744 3099 851 3178 deooS,
872 3106 1017 3168 aeternae
1035 3106 1066 3166 et
1084 3098 1223 3187 praemia
1241 3097 1351 3177 landis,

526 3222 687 3293 Obscuros
706 3223 831 3302 laniunt,
851 3231 969 3290 mutata
988 3231 1082 3300 sorte,
1103 3222 1250 3301 minores,

526 3346 594 3417 Otia
614 3346 703 3436 queis
721 3347 835 3436 legant,
855 3355 886 3415 et
904 3345 1004 3414 mollis
1023 3345 1186 3415 commodo
1205 3346 1296 3416 vitae.

985 3703 1048 3765 XLl

525 3967 607 4038 Sunt
625 3965 688 4044 alii,
709 3965 762 4055 qui
782 3963 909 4043 divitiis,
930 3963 1104 4054 opibusque
1124 3961 1312 4042 redundant,

524 4091 608 4176 Quin
625 4089 690 4159 ullo
709 4088 821 4158 illustri
840 4088 965 4157 veniant
982 4087 1021 4156 de
1040 4085 1144 4175 stipite
1163 4086 1281 4175 prisco,

522 4216 605 4306 (Hoe
623 4235 735 4305 regum
754 4221 800 4282 est
819 4213 939 4294 vitium,
961 4214 1025 4302 qni,
1047 4212 1136 4303 queis
1155 4211 1241 4280 lavor
1259 4210 1354 4294 alliot,
1373 4212 1483 4282 honore

522 4340 687 4422 Affioiunt3
708 4338 784 4407 alios
802 4339 917 4434 uirtute
936 4345 966 4406 et
985 4337 1098 4406 robore
1117 4337 1216 4404 olaros

521 4463 594 4532 Non
613 4469 735 4542 onrant,
755 4457 920 4550 spernunt)
938 4459 969 4528 hi
987 4459 1096 4528 nolunt
1114 4459 1197 4548 piola
1215 4459 1325 4530 videre

522 4587 585 4658 Ora
603 4594 743 4675 patrum;
764 4583 866 4653 rident
885 4601 963 4651 vana
981 4591 1162 4651 ornamenta
1181 4582 1333 4663 colorum,

521 4701 617 4794 Queis
635 4717 707 4778 sunt
724 4707 843 4797 indigni
863 4706 936 4796 ipsi;
958 4705 1177 4795 picturamque
1196 4706 1373 4794 loquentem

521 4837 674 4907 lnlensam
692 4833 751 4902 sibi
770 4831 943 4911 eredentes,
964 4829 1065 4900 odisse
1084 4830 1240 4900 videntur.
1328 4847 1335 4858 ·
