<?xml version="1.0" encoding="UTF-8"?>
<!DOCTYPE html PUBLIC "-//W3C//DTD XHTML 1.0 Transitional//EN"
    "http://www.w3.org/TR/xhtml1/DTD/xhtml1-transitional.dtd">
<html xmlns="http://www.w3.org/1999/xhtml" xml:lang="en" lang="en">
 <head>
  <title>
</title>
<meta http-equiv="Content-Type" content="text/html;charset=utf-8" />
  <meta name='ocr-system' content='tesseract 3.04.00' />
  <meta name='ocr-capabilities' content='ocr_page ocr_carea ocr_par ocr_line ocrx_word'/>
</head>
<body>
  <div class='ocr_page' id='page_1' title='image "./alusiadadeluizd00deslgoog_0348.png"; bbox 0 0 3384 5372; ppageno 0'>
   <div class='ocr_carea' id='block_1_1' title="bbox 553 439 800 488">
    <p class='ocr_par' dir='ltr' id='par_1_1' title="bbox 553 439 800 488">
     <span class='ocr_line' id='line_1_1' title="bbox 553 439 800 488; baseline 0 -2"><span class='ocrx_word' id='word_1_1' title='bbox 553 439 641 486; x_wconf 74' lang='lat' dir='ltr'><strong>tisun</strong></span> <span class='ocrx_word' id='word_1_2' title='bbox 660 439 800 488; x_wconf 71' lang='lat' dir='ltr'>OCTAVUS</span> 
     </span>
    </p>
   </div>
   <div class='ocr_carea' id='block_1_2' title="bbox 603 696 747 760">
    <p class='ocr_par' dir='ltr' id='par_1_2' title="bbox 603 696 747 760">
     <span class='ocr_line' id='line_1_2' title="bbox 603 696 747 760; baseline 0.007 -1"><span class='ocrx_word' id='word_1_3' title='bbox 603 696 747 760; x_wconf 80' lang='lat' dir='ltr'>LXXXIV</span> 
     </span>
    </p>
   </div>
   <div class='ocr_carea' id='block_1_3' title="bbox 178 957 1070 1918">
    <p class='ocr_par' dir='ltr' id='par_1_3' title="bbox 178 957 1035 1296">
     <span class='ocr_line' id='line_1_3' title="bbox 178 957 1035 1048; baseline 0.001 -19"><span class='ocrx_word' id='word_1_4' title='bbox 178 959 327 1029; x_wconf 84' lang='lat' dir='ltr'><strong>Tartarea</strong></span> <span class='ocrx_word' id='word_1_5' title='bbox 346 958 407 1028; x_wconf 89' lang='lat' dir='ltr'><strong>huc</strong></span> <span class='ocrx_word' id='word_1_6' title='bbox 425 966 545 1028; x_wconf 92' lang='lat' dir='ltr'><strong>tantum</strong></span> <span class='ocrx_word' id='word_1_7' title='bbox 563 957 746 1028; x_wconf 85' lang='lat' dir='ltr'><strong>Maurorum</strong></span> <span class='ocrx_word' id='word_1_8' title='bbox 765 957 886 1048; x_wconf 88' lang='lat' dir='ltr'><strong>perfida</strong></span> <span class='ocrx_word' id='word_1_9' title='bbox 904 960 1035 1031; x_wconf 82' lang='lat' dir='ltr'><strong>tondunt</strong></span> 
     </span>
     <span class='ocr_line' id='line_1_4' title="bbox 179 1082 1004 1172; baseline 0 -20"><span class='ocrx_word' id='word_1_10' title='bbox 179 1082 327 1162; x_wconf 87' lang='lat' dir='ltr'><strong>Consilia,</strong></span> <span class='ocrx_word' id='word_1_11' title='bbox 347 1091 382 1151; x_wconf 90' lang='lat' dir='ltr'><strong>ut</strong></span> <span class='ocrx_word' id='word_1_12' title='bbox 401 1102 495 1152; x_wconf 92' lang='lat' dir='ltr'><strong>nemo</strong></span> <span class='ocrx_word' id='word_1_13' title='bbox 514 1083 669 1152; x_wconf 90' lang='lat' dir='ltr'><strong>Lusorum</strong></span> <span class='ocrx_word' id='word_1_14' title='bbox 688 1082 720 1150; x_wconf 90' lang='lat' dir='ltr'><strong>in</strong></span> <span class='ocrx_word' id='word_1_15' title='bbox 739 1102 835 1172; x_wconf 83' lang='lat' dir='ltr'><strong>regna</strong></span> <span class='ocrx_word' id='word_1_16' title='bbox 853 1092 1004 1165; x_wconf 86' lang='lat' dir='ltr'><strong>revertat,</strong></span> 
     </span>
     <span class='ocr_line' id='line_1_5' title="bbox 179 1206 890 1296; baseline 0.001 -20"><span class='ocrx_word' id='word_1_17' title='bbox 179 1206 226 1276; x_wconf 90' lang='lat' dir='ltr'><strong>Ne</strong></span> <span class='ocrx_word' id='word_1_18' title='bbox 246 1208 330 1276; x_wconf 92' lang='lat' dir='ltr'><strong>Luso</strong></span> <span class='ocrx_word' id='word_1_19' title='bbox 348 1207 417 1296; x_wconf 84' lang='lat' dir='ltr'><strong>regi</strong></span> <span class='ocrx_word' id='word_1_20' title='bbox 434 1214 540 1296; x_wconf 88' lang='lat' dir='ltr'><strong>pateat</strong></span> <span class='ocrx_word' id='word_1_21' title='bbox 558 1225 621 1295; x_wconf 90' lang='lat' dir='ltr'><strong>quo</strong></span> <span class='ocrx_word' id='word_1_22' title='bbox 639 1206 746 1276; x_wconf 91' lang='lat' dir='ltr'><strong>littore</strong></span> <span class='ocrx_word' id='word_1_23' title='bbox 764 1206 890 1277; x_wconf 89' lang='lat' dir='ltr'><strong>tandem</strong></span> 
     </span>
    </p>

    <p class='ocr_par' dir='ltr' id='par_1_4' title="bbox 178 1329 898 1421">
     <span class='ocr_line' id='line_1_6' title="bbox 178 1329 898 1421; baseline -0.003 -21"><span class='ocrx_word' id='word_1_24' title='bbox 178 1331 220 1401; x_wconf 88' lang='lat' dir='ltr'><strong>Se</strong></span> <span class='ocrx_word' id='word_1_25' title='bbox 240 1330 331 1421; x_wconf 83' lang='lat' dir='ltr'>plaga</span> <span class='ocrx_word' id='word_1_26' title='bbox 350 1330 471 1400; x_wconf 88' lang='lat' dir='ltr'><strong>telluris</strong></span> <span class='ocrx_word' id='word_1_27' title='bbox 490 1329 621 1398; x_wconf 83' lang='lat' dir='ltr'><strong>iecurida</strong></span> <span class='ocrx_word' id='word_1_28' title='bbox 639 1329 787 1398; x_wconf 82' lang='lat' dir='ltr'><strong>extendat</strong></span> <span class='ocrx_word' id='word_1_29' title='bbox 805 1330 898 1400; x_wconf 89' lang='lat' dir='ltr'><strong>ane.</strong></span> 
     </span>
    </p>

    <p class='ocr_par' dir='ltr' id='par_1_5' title="bbox 178 1452 1070 1918">
     <span class='ocr_line' id='line_1_7' title="bbox 179 1452 975 1544; baseline -0.003 -20"><span class='ocrx_word' id='word_1_30' title='bbox 179 1455 277 1524; x_wconf 91' lang='lat' dir='ltr'><strong>Gama</strong></span> <span class='ocrx_word' id='word_1_31' title='bbox 296 1455 406 1544; x_wconf 80' lang='lat' dir='ltr'><strong>neqriit</strong></span> <span class='ocrx_word' id='word_1_32' title='bbox 423 1452 561 1544; x_wconf 89' lang='lat' dir='ltr'><strong>prudens</strong></span> <span class='ocrx_word' id='word_1_33' title='bbox 578 1453 682 1523; x_wconf 88' lang='lat' dir='ltr'><strong>hostili</strong></span> <span class='ocrx_word' id='word_1_34' title='bbox 702 1453 862 1524; x_wconf 83' lang='lat' dir='ltr'>discedere</span> <span class='ocrx_word' id='word_1_35' title='bbox 881 1463 975 1538; x_wconf 92' lang='lat' dir='ltr'><strong>terra,</strong></span> 
     </span>
     <span class='ocr_line' id='line_1_8' title="bbox 178 1553 1070 1668; baseline 0.001 -21"><span class='ocrx_word' id='word_1_36' title='bbox 178 1577 322 1667; x_wconf 88' lang='lat' dir='ltr'><strong>Namque</strong></span> <span class='ocrx_word' id='word_1_37' title='bbox 340 1585 424 1647; x_wconf 82' lang='lat' dir='ltr'><strong>vetat</strong></span> <span class='ocrx_word' id='word_1_38' title='bbox 442 1586 548 1646; x_wconf 87' lang='lat' dir='ltr'><strong>rector</strong></span> <span class='ocrx_word' id='word_1_39' title='bbox 566 1576 684 1667; x_wconf 89' lang='lat' dir='ltr'><strong>populi,</strong></span> <span class='ocrx_word' id='word_1_40' title='bbox 705 1579 869 1668; x_wconf 84' lang='lat' dir='ltr'><strong>gentisque</strong></span> <span class='ocrx_word' id='word_1_41' title='bbox 887 1577 1042 1668; x_wconf 82' lang='lat' dir='ltr'><strong>profanae,</strong></span> <span class='ocrx_word' id='word_1_42' title='bbox 1062 1553 1070 1575; x_wconf 55' lang='lat'>¹</span> 
     </span>
     <span class='ocr_line' id='line_1_9' title="bbox 178 1702 1013 1792; baseline 0.002 -20"><span class='ocrx_word' id='word_1_43' title='bbox 178 1702 244 1773; x_wconf 90' lang='lat' dir='ltr'><strong>Nec</strong></span> <span class='ocrx_word' id='word_1_44' title='bbox 263 1702 336 1772; x_wconf 86' lang='lat' dir='ltr'><strong>licet</strong></span> <span class='ocrx_word' id='word_1_45' title='bbox 354 1709 492 1792; x_wconf 88' lang='lat' dir='ltr'><strong>optatam</strong></span> <span class='ocrx_word' id='word_1_46' title='bbox 511 1722 622 1772; x_wconf 81' lang='lat' dir='ltr'><strong>narsus</strong></span> <span class='ocrx_word' id='word_1_47' title='bbox 640 1702 851 1772; x_wconf 80' lang='lat' dir='ltr'><strong>conscendere</strong></span> <span class='ocrx_word' id='word_1_48' title='bbox 870 1703 1013 1784; x_wconf 81' lang='lat' dir='ltr'><strong>classem,</strong></span> 
     </span>
     <span class='ocr_line' id='line_1_10' title="bbox 178 1819 938 1918; baseline -0.004 -19"><span class='ocrx_word' id='word_1_49' title='bbox 178 1819 284 1900; x_wconf 72' lang='lat' dir='ltr'><strong>Ullius</strong></span> <span class='ocrx_word' id='word_1_50' title='bbox 302 1825 396 1897; x_wconf 84' lang='lat' dir='ltr'><strong>fuerit</strong></span> <span class='ocrx_word' id='word_1_51' title='bbox 414 1846 512 1918; x_wconf 87' lang='lat' dir='ltr'><strong>quum</strong></span> <span class='ocrx_word' id='word_1_52' title='bbox 530 1845 592 1896; x_wconf 90' lang='lat' dir='ltr'><strong>non</strong></span> <span class='ocrx_word' id='word_1_53' title='bbox 610 1824 672 1896; x_wconf 87' lang='lat' dir='ltr'><strong>sibi</strong></span> <span class='ocrx_word' id='word_1_54' title='bbox 690 1827 779 1917; x_wconf 89' lang='lat' dir='ltr'><strong>copia</strong></span> <span class='ocrx_word' id='word_1_55' title='bbox 797 1826 938 1918; x_wconf 82' lang='lat' dir='ltr'><strong>cymbae.</strong></span> 
     </span>
    </p>
   </div>
   <div class='ocr_carea' id='block_1_4' title="bbox 609 2184 807 2248">
    <p class='ocr_par' dir='ltr' id='par_1_6' title="bbox 609 2184 807 2248">
     <span class='ocr_line' id='line_1_11' title="bbox 609 2184 807 2248; baseline -0.005 -2"><span class='ocrx_word' id='word_1_56' title='bbox 609 2184 738 2248; x_wconf 85' lang='lat' dir='ltr'>LXXXV</span> <span class='ocrx_word' id='word_1_57' title='bbox 804 2235 807 2245; x_wconf 39' lang='lat' dir='ltr'><strong>i</strong></span> 
     </span>
    </p>
   </div>
   <div class='ocr_carea' id='block_1_5' title="bbox 180 2447 1008 2672">
    <p class='ocr_par' dir='ltr' id='par_1_7' title="bbox 180 2447 1008 2672">
     <span class='ocr_line' id='line_1_12' title="bbox 180 2447 985 2539; baseline 0.001 -22"><span class='ocrx_word' id='word_1_58' title='bbox 180 2447 233 2530; x_wconf 86' lang='grc' dir='ltr'><strong>Α1,</strong></span> <span class='ocrx_word' id='word_1_59' title='bbox 250 2447 344 2538; x_wconf 86' lang='lat' dir='ltr'><strong>justis</strong></span> <span class='ocrx_word' id='word_1_60' title='bbox 361 2448 507 2539; x_wconf 90' lang='lat' dir='ltr'><strong>precihus</strong></span> <span class='ocrx_word' id='word_1_61' title='bbox 525 2447 614 2517; x_wconf 92' lang='lat' dir='ltr'><strong>ducis</strong></span> <span class='ocrx_word' id='word_1_62' title='bbox 631 2456 662 2518; x_wconf 88' lang='lat' dir='ltr'><strong>et</strong></span> <span class='ocrx_word' id='word_1_63' title='bbox 680 2447 869 2517; x_wconf 80' lang='lat' dir='ltr'><strong>clamoribus</strong></span> <span class='ocrx_word' id='word_1_64' title='bbox 887 2457 985 2529; x_wconf 91' lang='lat' dir='ltr'><strong>actus,</strong></span> 
     </span>
     <span class='ocr_line' id='line_1_13' title="bbox 180 2571 1008 2672; baseline -0.002 -29"><span class='ocrx_word' id='word_1_65' title='bbox 180 2573 360 2662; x_wconf 85' lang='lat' dir='ltr'><strong>Respondet</strong></span> <span class='ocrx_word' id='word_1_66' title='bbox 378 2572 541 2662; x_wconf 75' lang='lat' dir='ltr'><strong>cultorque</strong></span> <span class='ocrx_word' id='word_1_67' title='bbox 560 2572 667 2654; x_wconf 82' lang='lat' dir='ltr'><strong>deum,</strong></span> <span class='ocrx_word' id='word_1_68' title='bbox 687 2580 853 2662; x_wconf 82' lang='lat' dir='ltr'><strong>rectorque</strong></span> <span class='ocrx_word' id='word_1_69' title='bbox 871 2571 1008 2672; x_wconf 86' lang='lat' dir='ltr'><strong>dolosus,</strong></span> 
     </span>
    </p>
   </div>
   <div class='ocr_carea' id='block_1_6' title="bbox 180 2696 1012 3390">
    <p class='ocr_par' dir='ltr' id='par_1_8' title="bbox 180 2696 1012 3390">
     <span class='ocr_line' id='line_1_14' title="bbox 180 2696 870 2789; baseline -0.004 -21"><span class='ocrx_word' id='word_1_70' title='bbox 180 2697 225 2769; x_wconf 89' lang='lat' dir='ltr'><strong>Ut</strong></span> <span class='ocrx_word' id='word_1_71' title='bbox 238 2697 347 2789; x_wconf 87' lang='lat' dir='ltr'><strong>jubeat</strong></span> <span class='ocrx_word' id='word_1_72' title='bbox 365 2697 458 2787; x_wconf 83' lang='lat' dir='ltr'><strong>longe</strong></span> <span class='ocrx_word' id='word_1_73' title='bbox 477 2697 592 2786; x_wconf 89' lang='lat' dir='ltr'><strong>positas</strong></span> <span class='ocrx_word' id='word_1_74' title='bbox 610 2696 757 2766; x_wconf 87' lang='lat' dir='ltr'><strong>accedere</strong></span> <span class='ocrx_word' id='word_1_75' title='bbox 776 2716 870 2766; x_wconf 86' lang='lat' dir='ltr'><strong>naves</strong></span> 
     </span>
     <span class='ocr_line' id='line_1_15' title="bbox 182 2820 922 2911; baseline -0.001 -22"><span class='ocrx_word' id='word_1_76' title='bbox 182 2821 362 2902; x_wconf 75' lang='lat' dir='ltr'><strong>Littoribus</strong></span> <span class='ocrx_word' id='word_1_77' title='bbox 382 2820 495 2891; x_wconf 86' lang='lat' dir='ltr'><strong>meiius</strong></span> <span class='ocrx_word' id='word_1_78' title='bbox 514 2821 631 2911; x_wconf 91' lang='lat' dir='ltr'><strong>poterit</strong></span> <span class='ocrx_word' id='word_1_79' title='bbox 649 2821 693 2889; x_wconf 88' lang='lat' dir='ltr'><strong>sio</strong></span> <span class='ocrx_word' id='word_1_80' title='bbox 711 2820 768 2900; x_wconf 89' lang='lat' dir='ltr'><strong>ire,</strong></span> <span class='ocrx_word' id='word_1_81' title='bbox 789 2822 922 2902; x_wconf 82' lang='lat' dir='ltr'><strong>reverti3</strong></span> 
     </span>
     <span class='ocr_line' id='line_1_16' title="bbox 181 2943 954 3036; baseline -0.004 -21"><span class='ocrx_word' id='word_1_82' title='bbox 181 2946 334 3016; x_wconf 89' lang='lat' dir='ltr'><strong>Indicium</strong></span> <span class='ocrx_word' id='word_1_83' title='bbox 353 2954 400 3016; x_wconf 85' lang='lat' dir='ltr'><strong>ost</strong></span> <span class='ocrx_word' id='word_1_84' title='bbox 418 2943 518 3036; x_wconf 85' lang='lat' dir='ltr'><strong>(addit</strong></span> <span class='ocrx_word' id='word_1_85' title='bbox 537 2953 661 3014; x_wconf 86' lang='lat' dir='ltr'><strong>versuta</strong></span> <span class='ocrx_word' id='word_1_86' title='bbox 679 2944 798 3036; x_wconf 84' lang='lat' dir='ltr'><strong>monte)</strong></span> <span class='ocrx_word' id='word_1_87' title='bbox 816 2945 954 3026; x_wconf 89' lang='lat' dir='ltr'><strong>latronis,</strong></span> 
     </span>
     <span class='ocr_line' id='line_1_17' title="bbox 181 3071 1012 3162; baseline -0.005 -20"><span class='ocrx_word' id='word_1_88' title='bbox 181 3072 246 3142; x_wconf 77' lang='lat' dir='ltr'><strong>Aut</strong></span> <span class='ocrx_word' id='word_1_89' title='bbox 263 3073 359 3141; x_wconf 91' lang='lat' dir='ltr'><strong>animi</strong></span> <span class='ocrx_word' id='word_1_90' title='bbox 376 3071 508 3153; x_wconf 89' lang='lat' dir='ltr'><strong>hostilis,</strong></span> <span class='ocrx_word' id='word_1_91' title='bbox 529 3079 593 3140; x_wconf 89' lang='lat' dir='ltr'><strong>tam</strong></span> <span class='ocrx_word' id='word_1_92' title='bbox 611 3071 703 3162; x_wconf 78' lang='lat' dir='ltr'><strong>longe</strong></span> <span class='ocrx_word' id='word_1_93' title='bbox 721 3092 739 3140; x_wconf 91' lang='lat' dir='ltr'><strong>a</strong></span> <span class='ocrx_word' id='word_1_94' title='bbox 756 3072 861 3140; x_wconf 89' lang='lat' dir='ltr'><strong>littore</strong></span> <span class='ocrx_word' id='word_1_95' title='bbox 880 3072 1012 3140; x_wconf 86' lang='lat' dir='ltr'><strong>classem</strong></span> 
     </span>
     <span class='ocr_line' id='line_1_18' title="bbox 181 3193 953 3277; baseline -0.003 -12"><span class='ocrx_word' id='word_1_96' title='bbox 181 3193 386 3265; x_wconf 89' lang='lat' dir='ltr'><strong>Constituisse</strong></span> <span class='ocrx_word' id='word_1_97' title='bbox 404 3215 507 3277; x_wconf 92' lang='lat' dir='ltr'><strong>suam;</strong></span> <span class='ocrx_word' id='word_1_98' title='bbox 527 3215 600 3264; x_wconf 91' lang='lat' dir='ltr'><strong>nam</strong></span> <span class='ocrx_word' id='word_1_99' title='bbox 618 3215 681 3266; x_wconf 93' lang='lat' dir='ltr'><strong>non</strong></span> <span class='ocrx_word' id='word_1_100' title='bbox 699 3194 843 3264; x_wconf 83' lang='lat' dir='ltr'><strong>formidat</strong></span> <span class='ocrx_word' id='word_1_101' title='bbox 861 3194 953 3264; x_wconf 94' lang='lat' dir='ltr'><strong>amici</strong></span> 
     </span>
     <span class='ocr_line' id='line_1_19' title="bbox 182 3317 937 3390; baseline -0.001 -2"><span class='ocrx_word' id='word_1_102' title='bbox 182 3319 322 3390; x_wconf 86' lang='lat' dir='ltr'><strong>Fraudes</strong></span> <span class='ocrx_word' id='word_1_103' title='bbox 339 3327 393 3390; x_wconf 91' lang='lat' dir='ltr'><strong>aut</strong></span> <span class='ocrx_word' id='word_1_104' title='bbox 409 3339 524 3390; x_wconf 80' lang='lat' dir='ltr'><strong>nonam</strong></span> <span class='ocrx_word' id='word_1_105' title='bbox 542 3339 638 3389; x_wconf 84' lang='lat' dir='ltr'><strong>verax</strong></span> <span class='ocrx_word' id='word_1_106' title='bbox 656 3326 689 3389; x_wconf 90' lang='grc'><strong>11</strong></span> <span class='ocrx_word' id='word_1_107' title='bbox 707 3317 789 3389; x_wconf 90' lang='lat' dir='ltr'><strong>fidus</strong></span> <span class='ocrx_word' id='word_1_108' title='bbox 806 3318 937 3388; x_wconf 93' lang='lat' dir='ltr'><strong>amicus.</strong></span> 
     </span>
    </p>
   </div>
   <div class='ocr_carea' id='block_1_7' title="bbox 605 3677 748 3741">
    <p class='ocr_par' dir='ltr' id='par_1_9' title="bbox 605 3677 748 3741">
     <span class='ocr_line' id='line_1_20' title="bbox 605 3677 748 3741; baseline -0.014 -1"><span class='ocrx_word' id='word_1_109' title='bbox 605 3677 748 3741; x_wconf 82' lang='lat' dir='ltr'>LXXXVI</span> 
     </span>
    </p>
   </div>
   <div class='ocr_carea' id='block_1_8' title="bbox 183 3937 1102 4901">
    <p class='ocr_par' dir='ltr' id='par_1_10' title="bbox 184 3937 960 4156">
     <span class='ocr_line' id='line_1_21' title="bbox 184 3937 960 4029; baseline -0.008 -17"><span class='ocrx_word' id='word_1_110' title='bbox 184 3941 322 4012; x_wconf 91' lang='lat' dir='ltr'><strong>Vocibus</strong></span> <span class='ocrx_word' id='word_1_111' title='bbox 338 3941 388 4010; x_wconf 92' lang='lat' dir='ltr'><strong>his</strong></span> <span class='ocrx_word' id='word_1_112' title='bbox 405 3940 522 4011; x_wconf 86' lang='lat' dir='ltr'><strong>Gamae</strong></span> <span class='ocrx_word' id='word_1_113' title='bbox 540 3946 708 4029; x_wconf 86' lang='lat' dir='ltr'><strong>patuerunt</strong></span> <span class='ocrx_word' id='word_1_114' title='bbox 726 3937 835 4007; x_wconf 91' lang='lat' dir='ltr'><strong>callida</strong></span> <span class='ocrx_word' id='word_1_115' title='bbox 852 3945 960 4007; x_wconf 93' lang='lat' dir='ltr'><strong>nostro</strong></span> 
     </span>
     <span class='ocr_line' id='line_1_22' title="bbox 184 4061 958 4156; baseline -0.006 -21"><span class='ocrx_word' id='word_1_116' title='bbox 184 4064 319 4137; x_wconf 85' lang='lat' dir='ltr'><strong>Consilia</strong></span> <span class='ocrx_word' id='word_1_117' title='bbox 338 4075 431 4156; x_wconf 79' lang='lat' dir='ltr'><strong>atque</strong></span> <span class='ocrx_word' id='word_1_118' title='bbox 449 4065 512 4134; x_wconf 94' lang='lat' dir='ltr'><strong>doli</strong></span> <span class='ocrx_word' id='word_1_119' title='bbox 531 4063 681 4134; x_wconf 90' lang='lat' dir='ltr'><strong>Catualis:</strong></span> <span class='ocrx_word' id='word_1_120' title='bbox 701 4083 815 4152; x_wconf 86' lang='lat' dir='ltr'><strong>nempe</strong></span> <span class='ocrx_word' id='word_1_121' title='bbox 832 4061 958 4130; x_wconf 86' lang='lat' dir='ltr'><strong>volebat</strong></span> 
     </span>
    </p>

    <p class='ocr_par' dir='ltr' id='par_1_11' title="bbox 183 4185 993 4406">
     <span class='ocr_line' id='line_1_23' title="bbox 183 4185 993 4280; baseline 0 -20"><span class='ocrx_word' id='word_1_122' title='bbox 183 4191 260 4261; x_wconf 86' lang='lat' dir='ltr'><strong>Esse</strong></span> <span class='ocrx_word' id='word_1_123' title='bbox 280 4198 363 4260; x_wconf 90' lang='lat' dir='ltr'><strong>rates</strong></span> <span class='ocrx_word' id='word_1_124' title='bbox 381 4190 522 4280; x_wconf 85' lang='lat' dir='ltr'><strong>propius,</strong></span> <span class='ocrx_word' id='word_1_125' title='bbox 543 4187 706 4259; x_wconf 78' lang='lat' dir='ltr'><strong>manifesto</strong></span> <span class='ocrx_word' id='word_1_126' title='bbox 724 4196 760 4255; x_wconf 95' lang='lat' dir='ltr'><strong>ut</strong></span> <span class='ocrx_word' id='word_1_127' title='bbox 777 4185 857 4256; x_wconf 89' lang='lat' dir='ltr'><strong>holla</strong></span> <span class='ocrx_word' id='word_1_128' title='bbox 876 4185 993 4260; x_wconf 85' lang='lat' dir='ltr'><strong>surore.</strong></span> 
     </span>
     <span class='ocr_line' id='line_1_24' title="bbox 183 4311 947 4406; baseline -0.005 -22"><span class='ocrx_word' id='word_1_129' title='bbox 183 4315 308 4397; x_wconf 82' lang='lat' dir='ltr'><strong>luserat,</strong></span> <span class='ocrx_word' id='word_1_130' title='bbox 328 4324 360 4386; x_wconf 88' lang='grc'><strong>11</strong></span> <span class='ocrx_word' id='word_1_131' title='bbox 378 4314 508 4406; x_wconf 85' lang='lat' dir='ltr'><strong>perdant</strong></span> <span class='ocrx_word' id='word_1_132' title='bbox 525 4314 663 4404; x_wconf 88' lang='lat' dir='ltr'><strong>conjecta</strong></span> <span class='ocrx_word' id='word_1_133' title='bbox 682 4311 823 4382; x_wconf 90' lang='lat' dir='ltr'><strong>incendia</strong></span> <span class='ocrx_word' id='word_1_134' title='bbox 840 4331 947 4381; x_wconf 81' lang='lat' dir='ltr'><strong>navos</strong></span> 
     </span>
    </p>

    <p class='ocr_par' dir='ltr' id='par_1_12' title="bbox 183 4435 1020 4655">
     <span class='ocr_line' id='line_1_25' title="bbox 183 4435 1020 4531; baseline -0.007 -22"><span class='ocrx_word' id='word_1_135' title='bbox 183 4439 270 4531; x_wconf 85' lang='lat' dir='ltr'><strong>Ergo</strong></span> <span class='ocrx_word' id='word_1_136' title='bbox 289 4440 428 4509; x_wconf 91' lang='lat' dir='ltr'><strong>animum</strong></span> <span class='ocrx_word' id='word_1_137' title='bbox 445 4439 571 4529; x_wconf 90' lang='lat' dir='ltr'><strong>sapiens</strong></span> <span class='ocrx_word' id='word_1_138' title='bbox 591 4457 682 4508; x_wconf 90' lang='lat' dir='ltr'><strong>curas</strong></span> <span class='ocrx_word' id='word_1_139' title='bbox 700 4435 831 4508; x_wconf 78' lang='lat' dir='ltr'><strong>effundit</strong></span> <span class='ocrx_word' id='word_1_140' title='bbox 848 4435 881 4504; x_wconf 91' lang='lat' dir='ltr'><strong>in</strong></span> <span class='ocrx_word' id='word_1_141' title='bbox 900 4455 1020 4515; x_wconf 92' lang='lat' dir='ltr'><strong>omues,</strong></span> 
     </span>
     <span class='ocr_line' id='line_1_26' title="bbox 184 4559 980 4655; baseline -0.008 -21"><span class='ocrx_word' id='word_1_142' title='bbox 184 4564 403 4655; x_wconf 81' lang='lat' dir='ltr'><strong>Propositique</strong></span> <span class='ocrx_word' id='word_1_143' title='bbox 422 4573 523 4644; x_wconf 83' lang='lat' dir='ltr'><strong>tenax,</strong></span> <span class='ocrx_word' id='word_1_144' title='bbox 544 4563 696 4652; x_wconf 89' lang='lat' dir='ltr'><strong>praeclari</strong></span> <span class='ocrx_word' id='word_1_145' title='bbox 714 4570 820 4631; x_wconf 90' lang='lat' dir='ltr'><strong>mente</strong></span> <span class='ocrx_word' id='word_1_146' title='bbox 839 4559 980 4642; x_wconf 82' lang='lat' dir='ltr'><strong>revolvit,</strong></span> 
     </span>
    </p>

    <p class='ocr_par' dir='ltr' id='par_1_13' title="bbox 185 4683 1102 4901">
     <span class='ocr_line' id='line_1_27' title="bbox 185 4683 1000 4774; baseline -0.009 -16"><span class='ocrx_word' id='word_1_147' title='bbox 185 4689 251 4772; x_wconf 85' lang='lat' dir='ltr'><strong>Qua</strong></span> <span class='ocrx_word' id='word_1_148' title='bbox 271 4689 392 4758; x_wconf 92' lang='lat' dir='ltr'><strong>ratione</strong></span> <span class='ocrx_word' id='word_1_149' title='bbox 410 4688 528 4757; x_wconf 90' lang='lat' dir='ltr'><strong>malum</strong></span> <span class='ocrx_word' id='word_1_150' title='bbox 546 4697 716 4757; x_wconf 77' lang='lat' dir='ltr'><strong>venturum</strong></span> <span class='ocrx_word' id='word_1_151' title='bbox 735 4685 868 4756; x_wconf 85' lang='lat' dir='ltr'><strong>evadere</strong></span> <span class='ocrx_word' id='word_1_152' title='bbox 885 4683 1000 4774; x_wconf 89' lang='lat' dir='ltr'><strong>possit:</strong></span> 
     </span>
     <span class='ocr_line' id='line_1_28' title="bbox 185 4809 1102 4901; baseline -0.009 -17"><span class='ocrx_word' id='word_1_153' title='bbox 185 4813 280 4884; x_wconf 83' lang='lat' dir='ltr'><strong>Multa</strong></span> <span class='ocrx_word' id='word_1_154' title='bbox 301 4813 406 4883; x_wconf 89' lang='lat' dir='ltr'><strong>animo</strong></span> <span class='ocrx_word' id='word_1_155' title='bbox 424 4822 604 4890; x_wconf 89' lang='lat' dir='ltr'><strong>occurrunt,</strong></span> <span class='ocrx_word' id='word_1_156' title='bbox 626 4820 734 4881; x_wconf 89' lang='lat' dir='ltr'><strong>cautus</strong></span> <span class='ocrx_word' id='word_1_157' title='bbox 752 4819 920 4901; x_wconf 87' lang='lat' dir='ltr'><strong>speratque</strong></span> <span class='ocrx_word' id='word_1_158' title='bbox 937 4809 1102 4898; x_wconf 85' lang='lat' dir='ltr'><strong>timetque.</strong></span> 
     </span>
    </p>
   </div>
   <div class='ocr_carea' id='block_1_9' title="bbox 0 0 1702 5372">
    <p class='ocr_par' dir='ltr' id='par_1_14' title="bbox 0 0 1702 5372">
     <span class='ocr_line' id='line_1_29' title="bbox 0 0 1702 5372; baseline 0 0"><span class='ocrx_word' id='word_1_159' title='bbox 0 0 1702 5372; x_wconf 95' lang='lat' dir='ltr'><strong> </strong></span> 
     </span>
    </p>
   </div>
  </div>
 </body>
</html>
