3406 5378
470 451 617 498 rturt'lnt:
637 451 667 498 ΙΝ
687 451 802 500 utuntur
822 452 959 500 nncttrt'lt

652 707 772 770 CXXX

218 791 288 862 Non
308 799 391 862 leuet
410 793 589 882 imperium.

163 981 216 1044 llic
231 981 382 1044 Camonius
397 981 507 1064 aliquid
520 981 634 1044 humaui
650 1000 747 1063 passus
760 994 812 1057 est,
823 1001 889 1044 nam
903 982 988 1046 Sinae
1004 984 1183 1064 imperatores
1195 983 1252 1066 (res
1265 985 1312 1047 ho·

108 1080 155 1143 die
175 1091 217 1142 ost
237 1079 394 1160 notissima)
408 1099 464 1142 nun
485 1090 616 1144 creantur
635 1079 779 1154 electione,
801 1079 850 1143 sed
870 1081 1052 1144 haereditario
1069 1080 1133 1161 jure
1152 1101 1313 1163 supremam

109 1177 304 1258 adipiscuntur
318 1189 489 1260 potestatem.

635 1343 789 1407 CXXXll

218 1527 276 1596 llio
294 1527 491 1616 caryophylla
510 1527 575 1596 sois
592 1526 732 1618 pulchris
750 1527 884 1617 flagrare
902 1527 1033 1598 videbis.

164 1735 257 1798 Tertio
271 1736 323 1797 hac
337 1736 366 1796 in
381 1734 496 1796 metrica
513 1735 639 1798 versione
656 1735 822 1798 vocabulum
841 1737 1064 1819 corpoplpllom,
1078 1737 1136 1799 sive
1147 1725 1312 1819 porpoplpl·

108 1835 181 1907 lum,
193 1834 272 1895 nobis
286 1833 428 1914 negotium
443 1833 562 1908 lacessit,
572 1834 648 1896 unde
661 1833 791 1896 extricari
810 1833 970 1916 perdifficile
985 1847 1036 1896 est.
1049 1834 1123 1907 Quid
1137 1835 1161 1898 si
1172 1836 1255 1898 ectasi
1270 1836 1312 1898 usi

108 1933 149 1994 ita
160 1951 273 1994 versum
286 1931 471 1995 mutabimus:

218 2127 421 2222 Ciriirphylla
439 2132 505 2201 suis
524 2131 587 2200 illic
606 2131 739 2221 flagrare
758 2130 889 2202 videbis.

165 2338 238 2402 Sane
253 2337 500 2400 iuveniturDioao
513 2356 564 2420 pro
573 2335 684 2410 Diona,
695 2337 859 2400 Priamides
872 2356 924 2419 pro
937 2335 1107 2401 Priamides.
1127 2338 1313 2402 Consulautur

110 2437 256 2499 Charisius
269 2457 308 2509 rr,
324 2435 397 2509 24&
413 2435 572 2508 Diomedes,
586 2455 616 2508 ιι,
633 2434 700 2498 437.
1172 2514 1174 2518 Ι

165 2535 263 2596 Graeci
278 2534 379 2596 multas
394 2534 496 2595 similes
514 2533 637 2594 licentias
652 2532 704 2594 sihi
718 2532 883 2614 permittunt
891 2554 900 2608 3
916 2532 1020 2608 Latini,
1035 2536 1096 2617 qui,
1113 2546 1143 2597 ut
1156 2534 1194 2597 ait
1209 2532 1310 2597 Teren·

111 2633 203 2694 tianus
221 2631 348 2705 Maurus,
364 2631 459 2717 llusas
478 2631 572 2694 colunt
586 2629 752 2704 severiores,
768 2630 890 2711 parcius,
904 2630 953 2693 sed
972 2643 1064 2694 tamen
1075 2632 1229 2694 necessitati
1243 2651 1310 2694 non·

111 2749 255 2813 nunquam
271 2728 373 2791 cedunt
384 2740 411 2790 et
422 2728 484 2810 ipsi.

657 2905 766 2969 CXLV

226 3140 282 3154 ...
309 3099 445 3178 praestat
465 3097 652 3168 mutescere,
673 3088 772 3159 Musa.

164 3281 290 3344 Verbum
310 3291 463 3344 mutescere
483 3282 620 3363 reperitur
640 3281 774 3345 usitatum
796 3301 812 3342 a
836 3280 997 3354 Prudentio,
1019 3281 1137 3344 Paulino
1158 3281 1265 3343 Nolano
1286 3293 1312 3343 et

112 3379 146 3442 ab
161 3379 288 3461 Apuleio.

641 3555 783 3619 CXLllll

226 3692 282 3707 ...
308 3660 478 3729 saevosque
497 3640 603 3711 leones

218 3766 320 3850 Quium
339 3765 484 3836 similent.

166 3957 301 4040 Suspecta
321 3969 362 4020 est
382 3957 466 4038 hujus
481 3956 559 4019 verbi
581 3957 633 4018 lroc
654 3976 738 4019 sensu
759 3957 861 4039 sumpti
884 3957 1016 4020 latinitas:
1036 3958 1150 4040 Legitur
1168 3969 1259 4019 tamen
1282 3956 1312 4018 iu

112 4056 233 4138 quadam
247 4055 423 4137 inscriptione
437 4074 454 4117 a
467 4054 575 4117 lluroto
590 4053 671 4116 allata
685 4053 761 4134 (uin.
778 4075 819 4128 ιιι,
835 4062 899 4136 pag?
918 4055 1018 4136 toll).

645 4327 780 4391 oxulx

218 4412 289 4483 lllos
306 4433 382 4504 ergo
401 4414 480 4484 love.

167 4606 300 4678 Quamvis
316 4606 343 4668 iu
358 4605 536 4688 producenda
546 4607 633 4668 altera
642 4616 686 4668 cto
697 4625 761 4687 erpo
770 4605 876 4688 syllaba
887 4604 1051 4668 conueniant
1060 4604 1155 4687 optimi
1165 4604 1241 4668 latini
1252 4625 1313 4687 poe·

113 4718 167 4778 tae,
184 4716 275 4766 tamen
290 4704 319 4766 in
334 4703 507 4786 corripienda
525 4704 657 4767 llacedus
675 4702 754 4768 Statii
770 4703 903 4766 Martialis
921 4715 948 4766 et
962 4703 1103 4788 luvenalis
1117 4703 1198 4765 nixus
1211 4717 1253 4766 est
1266 4722 1314 4766 au·

113 4802 246 4864 ctoritate.
