3384 5372
926 439 1076 486 ln'sbtunl:

984 697 1019 757 u
1131 771 1141 788 Ι

506 957 546 1028 Et
565 977 644 1048 iprae
662 957 863 1048 Taprobanes
881 978 914 1028 se
933 958 1017 1028 claro
1035 958 1160 1028 nomine
1175 959 1272 1049 iactat

505 1083 620 1164 Insula,
636 1083 701 1174 jam
720 1083 854 1154 celebris
872 1084 952 1154 lama
971 1084 1121 1174 cultuque
1139 1083 1233 1154 beato

505 1207 714 1297 Temporibus
733 1209 856 1298 priscis,
876 1229 970 1298 quam
988 1209 1103 1278 nostris
1121 1209 1211 1298 copia
1230 1208 1308 1278 ditat

506 1329 639 1400 Cortieis
658 1331 795 1401 ardentis
813 1334 867 1423 qui
886 1332 1011 1402 dulcem
1030 1327 1127 1422 spirat
1145 1332 1288 1411 odorem,

505 1455 572 1526 Hae
590 1454 629 1524 de
647 1475 753 1526 merce
771 1456 857 1527 dabit
874 1456 976 1538 vobis,
996 1457 1127 1538 devicta,
1148 1456 1314 1537 tributum,

505 1579 675 1670 Postquam
694 1581 863 1650 Lusiadum
882 1601 1007 1671 semper
1026 1581 1203 1651 venerabile
1222 1581 1358 1670 signum,

505 1703 654 1774 Hostibus
671 1705 843 1794 oppressis,
863 1705 990 1775 tolletur
1009 1706 1039 1774 in
1058 1726 1130 1776 aree
1148 1704 1305 1785 columbi,

504 1827 575 1898 lllas
593 1829 765 1919 percellens
782 1849 894 1920 magna
913 1828 1078 1900 formidine
1097 1839 1216 1920 gentes.

976 2183 1023 2251 111

504 2450 650 2539 Aequore
668 2449 840 2540 Erythraeo
857 2449 976 2520 sulcato
996 2451 1104 2533 classe,
1124 2453 1278 2542 Sequeira

503 2575 661 2646 lnsolitum
679 2575 867 2645 monstrabit
884 2578 946 2648 iter
965 2577 1050 2668 quod
1067 2577 1153 2648 ducit
1172 2577 1210 2648 ad
1230 2578 1307 2649 illud

503 2699 647 2790 Regnum
666 2699 719 2774 ubi
739 2701 919 2790 praeclarae
937 2704 1063 2779 merito,
1083 2701 1233 2772 cunabula
1252 2705 1285 2772 in
1298 2701 1416 2772 Austro

503 2821 656 2905 Candace,
675 2823 757 2894 Saba
775 2825 851 2893 olim
870 2827 1009 2906 sortitae,
1029 2833 1152 2914 sceptra
1170 2826 1333 2896 tenebant:

502 2945 642 3036 aspiciet
659 2947 809 3028 lllasuam‚
830 2948 952 3040 pluvias
969 2968 1050 3038 quae
1068 2949 1186 3040 colligit
1203 2949 1303 3020 undas

503 3071 536 3140 ln
555 3073 675 3162 puteis:
696 3081 818 3162 portus,
838 3093 899 3142 uon
918 3071 1046 3153 distans,
1063 3071 1220 3163 Arquious
1238 3073 1280 3142 illi

502 3195 670 3277 Pandetnr,
689 3196 801 3266 mediis
819 3218 854 3267 ac
873 3198 971 3266 insula
988 3197 1121 3287 plurima
1139 3197 1172 3266 in
1190 3197 1294 3279 unrliS,

503 3319 595 3390 Unde
614 3340 694 3390 nora
711 3321 877 3391 ostendent
895 3321 1014 3391 mundo
1031 3321 1183 3391 miracula
1202 3329 1326 3392 nautae.

966 3682 1025 3744 Llll

502 3945 587 4014 Pone
605 3963 751 4034 sequens,
771 3946 875 4013 minus
894 3943 1034 4014 inbellis
1052 3953 1212 4034 spectatus
1229 3945 1314 4025 Eois

501 4069 603 4154 Quam
621 4068 732 4158 libycis
750 4068 863 4149 clarus
884 4069 989 4138 veniet
1007 4068 1167 4138 blenesius
1184 4069 1296 4140 armis:

500 4193 607 4263 Victor
626 4192 664 4262 ab
679 4192 825 4263 Armusia
844 4193 939 4263 stulto
956 4213 1015 4283 pro
1033 4193 1164 4263 crimine
1181 4213 1296 4283 poenas

500 4318 624 4408 Exiget,
645 4317 755 4386 infidae
773 4317 905 4408 duplum
924 4317 1126 4406 imponetque
1144 4316 1311 4387 tributum.

500 4443 542 4511 Et
560 4449 606 4522 tu,
627 4443 736 4523 Gema,
756 4442 860 4522 etiam,
881 4442 998 4511 reseras
1016 4450 1051 4510 ut
1069 4442 1208 4532 praemia
1227 4441 1311 4532 lengi

500 4564 606 4648 Exilii,
626 4567 748 4635 comitis
766 4566 858 4636 titulo
877 4574 908 4635 31
926 4564 1099 4636 bonoribus
1117 4574 1240 4646 auctus

499 4690 572 4761 Post
589 4699 635 4759 tot
654 4711 704 4761 res
722 4699 836 4782 gestas,
858 4700 889 4761 et
904 4690 971 4780 jam
989 4693 1144 4762 maturior
1162 4693 1260 4772 annis

501 4815 588 4899 Quae
606 4833 801 4904 nunc'regua
820 4816 923 4905 aperis
938 4815 1023 4905 justo
1041 4815 1246 4886 moderabere
1266 4825 1401 4905 sceptro.
