3406 5378
520 1045 909 1197 unsumnnin

693 1325 735 1372 DA

335 1497 540 1634 ILHA
584 1496 725 1636 DOS
771 1496 1102 1636 Atreum

653 1867 774 1876 -.-—..

683 2069 753 2132 LIV

220 2254 397 2345 Tergemini
414 2259 567 2342 apparent
585 2252 722 2322 innuosa
741 2252 858 2323 vertice
876 2252 973 2323 relies

220 2379 402 2469 SurgenteS,
421 2384 531 2467 gratus
548 2385 654 2445 tumor
672 2375 770 2456 inflat,
791 2385 822 2446 et
842 2383 926 2446 astra
943 2377 1078 2482 lacessit:

222 2502 280 2572 Hic
297 2501 454 2592 picturato
473 2520 600 2591 gramen
621 2501 660 2570 de
680 2499 813 2570 stamine
830 2501 924 2569 vestit

220 2625 301 2696 Nata
320 2626 480 2717 voluptati,
501 2627 562 2716 qui
579 2623 741 2717 pulchrior
759 2623 861 2694 insula
880 2625 973 2698 ridet.

221 2752 385 2843 Purpureo
403 2751 497 2822 vitrei
514 2751 687 2822 manabant
704 2753 829 2843 gurgite
847 2752 963 2824 inntes:

222 2876 377 2956 Culmine,
398 2878 485 2966 quud
502 2875 680 2946 ssuviieume
698 2897 812 2946 currus
830 2877 913 2947 altus
930 2876 1068 2948 habebat

222 2998 397 3070 Concavata
415 3000 497 3070 inter
514 3007 619 3070 mutos
636 3000 705 3070 ssuit
722 3003 808 3071 unda
826 3000 947 3091 lapillos

222 3124 279 3195 His
297 3127 434 3215 impacta
452 3123 553 3194 halari
571 3125 694 3215 rapitur
711 3124 840 3216 fugitiva
858 3129 981 3196 sonora.

693 3398 743 3460 LV

222 3581 256 3651 ln
276 3582 431 3673 gremium
449 3581 541 3651 findit
559 3601 629 3672 qum
646 3581 781 3652 eulmina
799 3579 889 3650 valiis
906 3601 1047 3651 amuenae.

221 3706 384 3796 Perspicui
401 3715 515 3776 coeunt
533 3705 654 3787 latieeS,
673 3713 766 3797 atque
785 3706 908 3796 agmina
923 3705 1071 3796 jungunt,

222 3830 365 3902 Mensam
382 3830 437 3901 ubi
456 3830 637 3912 conficiunt,
657 3833 719 3922 qua
737 3831 886 3920 panditur
905 3850 977 3900 aure
993 3828 1159 3920 pulchram

223 3955 299 4038 Quae
318 3955 398 4025 solet
416 3955 530 4045 cupida
549 3954 610 4024 sibi
627 3955 746 4044 fingere
763 3963 868 4024 mente
886 3953 1040 4044 voluptas.

222 4078 292 4148 Huc
309 4079 491 4148 inclinatum
509 4078 640 4169 pulchra
658 4097 770 4148 nemus
789 4078 902 4149 arbore
919 4081 1049 4169 pendet:

223 4199 290 4272 Ceu
306 4201 436 4272 firmare
455 4205 552 4273 decus
568 4202 655 4284 velit,
676 4211 707 4271 et
725 4220 914 4292 componere
933 4202 1052 4273 vultus:

222 4327 326 4418 Seque
343 4328 403 4398 sibi
422 4329 557 4398 reddens
575 4327 730 4418 speeuiari
750 4326 889 4397 cemitur
906 4329 991 4397 unda

223 4451 300 4534 Quae
318 4452 399 4542 rapit
417 4452 448 4521 in
468 4472 501 4523 se
519 4471 564 4532 se,
584 4451 738 4543 virusque
755 4451 869 4522 emittit
886 4451 925 4523 ab
944 4453 1038 4522 amni.

167 4665 330 4729 ¹Estancias
344 4684 387 4724 mr
402 4683 418 4726 a
432 4683 495 4726 mnu
507 4663 542 4726 do
557 4673 636 4726 eante
650 4663 725 4725 nuda
738 4662 887 4742 traduupiu
898 4663 985 4726 latina
996 4662 1030 4726 de
1046 4664 1108 4732 Frei
1121 4666 1268 4730 Francisen
1281 4667 1316 4729 de

117 4763 203 4827 Santu
215 4761 367 4845 Agnetinhu
382 4759 507 4835 Macedo,
522 4761 654 4843 eopiadas
668 4760 922 4824 fidelissimamente
937 4760 972 4824 de
988 4762 1176 4845 manuscripto
1188 4762 1312 4846 original.

119 4861 191 4942 (Vej.
208 4860 386 4942 Anteluquiu‚
402 4879 465 4942 pag.
479 4861 552 4940 mu.)
