3384 5370
586 475 675 520 runnu
694 475 836 529 ouanrus

690 733 726 794 t't

210 993 310 1062 Nerno
326 993 391 1083 jarn
410 993 558 1084 deinceps
576 1006 732 1064 memoret
751 997 890 1066 crudelia
909 997 1007 1067 Roma

135 1129 138 1135 '
210 1118 298 1202 Quae
317 1117 401 1186 bello
421 1117 545 1188 interno
564 1119 743 1208 spectacula
763 1121 882 1190 rideret
900 1121 987 1202 olirn,

210 1242 314 1326 Quurn
333 1243 453 1312 diarius
471 1244 611 1332 primunr
631 1244 683 1313 ifle
703 1245 801 1326 ferox,
823 1267 896 1316 rnox
914 1245 998 1336 Splia
1017 1257 1176 1328 cruentus,

210 1366 340 1436 Infestus
358 1366 458 1436 Mario
476 1365 619 1456 fugienti,
641 1371 754 1438 exarsit
773 1370 804 1438 in
824 1371 900 1440 iras:
967 1359 976 1383 ⁶

208 1489 351 1560 Vidimus
369 1489 418 1560 his
436 1492 570 1560 maiora:
592 1491 662 1561 ideo
681 1493 823 1563 Leonorc
842 1494 986 1566 dolerent

210 1613 313 1683 Occisi
332 1613 463 1683 Comitis
481 1616 571 1702 signo
589 1625 700 1685 testata
718 1618 847 1706 patenti,

209 1737 360 1808 Castellae
379 1739 410 1807 in
429 1739 551 1829 Lysiam
570 1743 771 1830 properantia
790 1743 925 1812 concitat
942 1765 1040 1825 arma,

209 1862 294 1932 filins
311 1862 480 1934 haeredem
496 1865 616 1954 jactans
634 1867 700 1936 fore
719 1871 868 1957 sanguine
887 1878 1001 1938 natam.

684 2226 733 2288 Vll

210 2485 291 2556 Haec
311 2497 390 2568 erat,
412 2487 443 2556 in
462 2489 550 2577 regni
570 2507 651 2578 quae
671 2487 883 2569 superaucta,
904 2490 1030 2559 Beatrir

210 2609 329 2702 Conjux
347 2612 499 2682 Castollae
518 2613 618 2702 regis:
640 2613 691 2682 hic
710 2621 831 2702 sceptra
851 2614 976 2703 petebat

209 2735 291 2807 Luso
309 2737 429 2806 addicta
449 2738 554 2818 thoro;
576 2739 774 2808 Fornandunn
794 2739 874 2808 fama
893 2749 1055 2829 parentam

209 2860 293 2930 lilius
311 2881 379 2930 esse
398 2862 504 2942 refert,
526 2862 580 2932 sed
599 2863 719 2931 nolfnnt
739 2862 869 2932 credere
887 2863 986 2932 farnae

209 2985 373 3054 Lusiades:
393 2985 538 3067 Casteiln,
558 3007 689 3056 naerens
707 2986 767 3056 hoc
785 2987 911 3056 nomine
930 2987 1058 3066 facilem,

164 3157 167 3164 «
209 3109 338 3200 Sceptra
358 3111 454 3200 cupit,
476 3110 617 3200 dicitque
637 3111 718 3200 patri
737 3095 907 3180 succedere
924 3119 1045 3180 natam:

210 3232 300 3323 Cogit
318 3255 406 3324 opes,
426 3234 510 3324 cogit
528 3235 629 3304 varias
648 3235 679 3302 in
698 3235 813 3324 praelia
833 3243 955 3324 gentes,v

210 3354 359 3428 Diversos
376 3358 507 3447 popufos
525 3357 710 3448 diversaque
729 3367 877 3428 convocat
895 3379 992 3428 arina.

674 3717 734 3778 Vllf

209 3979 256 4048 Ex
275 3980 327 4048 iffa
348 3981 476 4050 veniunt
494 3991 617 4050 turmae
636 3981 775 4070 regione,
795 3989 924 4050 vocatur

209 4103 341 4174 Nomine
361 4123 441 4194 quae
459 4104 545 4194 Brigi
565 4101 610 4196 (ni
629 4125 707 4173 rana
726 4113 772 4174 est
790 4103 892 4174 fabula
910 4103 1048 4196 Brigus).

209 4229 293 4312 Quas
311 4248 443 4318 magnus
462 4229 618 4319 quondam
638 4229 832 4310 Fornandus
855 4250 932 4318 quas
950 4230 1124 4300 Rodericns

208 4354 462 4444 Eripuoro'lrosti
481 4355 601 4436 Mauro,
623 4356 705 4425 socia
724 4356 859 4446 agmina,
879 4364 983 4424 torrae

209 4480 404 4570 Expediunt;
425 4479 499 4548 belii
519 4481 562 4548 nii
583 4489 666 4550 certa
685 4481 825 4571 pericula
845 4492 967 4560 curant,

208 4605 268 4689 Qui
289 4604 435 4694 Legionis
454 4575 546 4672 ornnt‘
560 4579 658 4673 felicia
673 4607 784 4695 jugeru
803 4605 921 4695 canapi;

112 4758 120 4779 ·
208 4729 327 4818 dsporn
346 4748 433 4817 gono,
454 4728 565 4797 studiis
584 4728 731 4798 Mauortis
748 4729 862 4808 dedita,
883 4728 993 4797 dfauro

207 4855 306 4943 Saepo
327 4852 517 4942 triumphato
536 4872 616 4940 iprae
637 4853 722 4940 signa
743 4853 868 4920 reduxit
887 4852 925 4920 ab
947 4851 1043 4921 hosta.
1154 4851 1162 4858 '
