3394 5372
607 477 696 524 ltltlltt
717 479 835 525 sextus

670 735 770 796 llelll

225 997 282 1066 llic
302 995 411 1065 subitis
430 1015 507 1086 gens
525 997 591 1066 lusa
611 999 680 1067 lerit
700 999 890 1068 clamoribus
909 1009 1001 1072 astra.

224 1117 416 1188 Cunctorum
434 1127 538 1188 tantus
557 1122 693 1209 pervasit
712 1131 838 1210 pectora
859 1131 979 1204 terror;

223 1241 301 1312 llam
321 1243 396 1312 dom
416 1243 483 1313 vela
501 1243 600 1312 Notus
619 1244 720 1324 scidit,
740 1245 885 1314 inclinata
904 1247 1058 1316 recumbit

223 1367 327 1446 Navis,
347 1376 378 1436 et
397 1369 554 1458 ingentem
572 1367 688 1436 molem
708 1369 789 1438 latus
807 1369 912 1438 haurit
931 1391 1096 1460 aquarum.

223 1491 343 1560 Rerum
361 1500 544 1560 cunctarum
563 1491 616 1560 liat
630 1492 761 1582 jactura,
783 1495 942 1583 magister,

222 1614 342 1684 Merces
360 1615 515 1705 projicite,
535 1617 685 1684 exclamat
703 1635 778 1685 mox
796 1616 952 1696 turbidus,
973 1637 1092 1698 omnes,

222 1739 288 1809 Nec
306 1761 395 1809 mens
413 1750 517 1809 vestra
536 1740 618 1809 labet
636 1741 730 1810 nimia
749 1741 914 1812 lormidine
932 1744 1053 1822 mortis,

222 1864 404 1944 Euhenum,
424 1864 519 1945 addit,
541 1865 708 1934 sentinam:
730 1865 905 1954 mergimur
925 1867 1025 1936 undis.

576 2259 579 2270 =
661 2224 775 2288 LXXlll

222 2486 321 2555 ,loun
341 2488 473 2556 incensis
491 2487 602 2556 studiis
620 2488 758 2556 animosa
774 2488 933 2576 juventus.

221 2611 445 2702 Sentinamqne
463 2614 557 2702 petit:
579 2612 633 2681 sed
653 2614 702 2678 vin
724 2621 904 2691 accesserat,
925 2612 1050 2702 ingens¹
1175 2699 1178 2708 Ι

222 2736 278 2804 Vis
297 2738 378 2806 renti
398 2746 429 2805 et
448 2737 561 2806 ssuctus
580 2737 689 2814 saevit,
710 2755 884 2826 navemque
903 2736 1030 2816 volutat,

220 2859 317 2950 lnque
336 2860 410 2929 loris
427 2869 554 2929 cunctos
573 2860 678 2930 subito
697 2863 868 2949 prosternit
886 2868 1011 2929 euntes:

219 2984 348 3054 Viribus
366 2984 503 3072 insignes
521 2977 586 3054 tres
605 2983 686 3053 duro
704 2992 735 3052 et
755 2983 869 3054 robore
888 2993 999 3053 nautae

220 3107 331 3176 Obnixi
351 3109 434 3178 baud
453 3117 583 3198 possunt
602 3109 813 3178 moderamina
832 3109 960 3178 flectere
979 3110 1069 3185 clavi,

219 3232 299 3300 Hinc
318 3232 389 3302 inde
408 3232 525 3300 intento
545 3232 714 3302 luctantem
734 3233 805 3303 lone
825 3232 983 3312 tenebant,
1097 3301 1101 3314 ,

124 3413 132 3426 .
219 3355 283 3424 Nec
295 3365 398 3424 tamen
411 3343 463 3424 aut
475 3355 638 3424 bominum
649 3357 706 3434 vis,
719 3355 900 3445 quidquam,
916 3365 969 3425 aut
981 3355 1106 3446 prolicit
1119 3356 1203 3425 artis.
1217 3369 1224 3388 ·

654 3715 769 3778 lelll'

216 3979 359 4051 Nubibus
377 3989 548 4070 erumpunt
567 3991 631 4050 tam
650 3981 718 4048 diro
738 3980 863 4049 turbine
882 3979 977 4056 renti,

216 4105 400 4186 Horribiles,
423 4115 457 4174 at
476 4125 536 4174 non
556 4105 631 4173 alias
649 4104 708 4174 sibi
728 4123 853 4173 sumere
872 4105 964 4184 vires,

215 4230 285 4300 Non
304 4231 380 4300 alios
398 4239 523 4324 possent
542 4251 650 4300 saevos
669 4233 839 4299 immittere
858 4230 960 4306 ssatus,

214 4353 305 4424 Edita
325 4357 350 4424 si
370 4357 466 4424 turris
484 4355 563 4424 locet
582 4354 789 4444 expugnanda
807 4352 940 4422 Babelis.

215 4480 377 4549 Fluctibus
395 4483 426 4548 in
444 4488 566 4549 montes
585 4499 653 4549 sese
671 4478 894 4558 attollentibus,
915 4475 984 4544 altis

215 4604 402 4695 Gurgitibus
420 4607 523 4689 tenuis
541 4605 678 4694 speciem
697 4603 892 4692 formamque
912 4599 1041 4689 phaselli

214 4727 348 4797 Exbibet
367 4729 424 4797 alta
445 4729 531 4806 ratis,
553 4729 657 4797 nautis
676 4726 874 4805 mirantibus
896 4725 975 4792 inter

213 4852 270 4922 Tot
289 4853 404 4922 lluctus
422 4853 522 4920 ventis
540 4853 584 4922 sic
603 4870 694 4941 posse
714 4851 861 4918 resistere
879 4847 1020 4937 puppim.

286 4969 310 5006 lo
