3440 5392
914 386 1068 439 tustnuntl

924 647 1050 712 xxxut

491 919 554 987 Olli
575 917 704 988 adversa
723 927 827 986 tamen
846 936 913 985 sese
926 915 1033 984 Venus
1054 934 1149 983 aurea
1168 923 1274 982 contra

492 1043 656 1133 Opposuit,
677 1043 784 1132 Lysiae
802 1041 935 1109 nimium
954 1059 1035 1130 quae
1054 1039 1157 1108 dedita
1177 1039 1272 1126 genti,

490 1167 570 1238 Nam
588 1167 671 1236 videt
690 1165 833 1256 antiquos
850 1184 956 1234 mores
974 1173 1004 1232 et
1023 1163 1101 1232 lacta
1120 1162 1237 1232 relerre

491 1291 635 1362 Romulei
654 1289 772 1382 populi,
794 1309 889 1380 quem
907 1289 989 1357 miro
1007 1288 1122 1357 exarsit
1140 1305 1262 1356 amore:

491 1417 582 1502 Quod
601 1416 695 1486 lortes
715 1416 836 1496 animis,
857 1433 944 1484 acres
963 1413 1047 1504 quod
1066 1412 1195 1492 uiribus,
1216 1411 1291 1479 olim

491 1542 582 1627 Quod
602 1540 695 1612 simili
714 1539 831 1610 validos
850 1547 1027 1609 straverunt
1046 1537 1158 1627 sydera
1176 1537 1306 1618 Poenos,

490 1667 638 1756 Dumque
656 1675 742 1734 notat
760 1664 894 1754 linguas,
913 1683 1010 1752 parvo
1028 1661 1207 1731 discrimine
1225 1661 1341 1730 Lusam

491 1791 614 1860 Iudicat
635 1811 652 1858 a
669 1790 797 1879 propria
816 1787 946 1857 vixdum
964 1787 1079 1856 distare
1097 1787 1217 1883 Latina.

927 2110 1044 2172 XXXW

492 2377 549 2448 His
568 2377 700 2467 impulsa
720 2376 801 2446 lavet
818 2377 911 2446 Lusis
928 2375 1081 2456 Citheron,
1101 2387 1291 2466 moventque

493 2501 553 2572 Olli
573 2502 654 2571 dicta
673 2521 769 2591 super
787 2501 957 2571 Parcarum
975 2501 1102 2571 oracula
1122 2501 1219 2591 genti,

492 2627 642 2696 Acturam
656 2625 783 2707 Veneri,
805 2647 866 2717 qua
885 2646 918 2696 se
937 2646 1073 2716 cumque
1092 2645 1146 2694 ora
1164 2627 1299 2716 potentis

491 2753 629 2843 Imperii,
650 2753 760 2842 pelago
778 2761 925 2842 terraque
943 2753 1102 2832 extendat,
1123 2751 1267 2820 bonores.

491 2877 609 2947 Nobilis
627 2876 700 2946 binc
719 2877 818 2946 lamae
832 2876 991 2946 Venerem
1010 2877 1105 2946 decor
1123 2878 1247 2955 excitat,
1268 2876 1340 2945 inde

491 3000 661 3070 Dedecoris
679 3000 818 3070 Bacchus
837 3001 971 3070 stimulis
988 3009 1122 3091 urgetur
1141 3000 1277 3082 acerbis;
1376 3067 1381 3076 ,

390 3189 393 3194 ,
492 3123 691 3194 Contendunt
710 3135 913 3215 pugnantque
932 3124 1011 3194 odiis
1030 3125 1240 3196 constantibus
1260 3125 1366 3206 ambo;

492 3247 614 3340 Cuique
633 3251 698 3318 suis
717 3251 853 3320 studiosa
873 3250 978 3318 lavent
998 3270 1054 3318 sua
1071 3253 1200 3320 numina
1218 3253 1308 3321 votis.

934 3611 1044 3674 XXXV

492 3867 610 3944 Auster
628 3875 674 3944 uti
693 3874 779 3944 ierus
797 3884 828 3944 et
847 3875 963 3945 Boreas
983 3895 1056 3945 cum
1074 3877 1168 3946 densa
1186 3877 1299 3946 reclusi

491 3999 583 4069 Tecta
602 4009 699 4069 ruunt
717 4001 865 4081 nemoris,
887 4000 1111 4092 sylvarumque
1129 4000 1255 4070 horrida
1274 4001 1349 4070 llatu

491 4125 613 4198 Moenia
632 4137 836 4216 perumpunt‚
857 4126 1010 4218 furiisque
1029 4109 1207 4217 ingentibus
1226 4128 1285 4196 acti

491 4251 655 4341 Disjiciunt
673 4252 809 4322 latebras
828 4251 983 4333 loliorum,
1005 4261 1036 4321 et
1055 4253 1183 4322 frondea
1200 4252 1319 4322 nudant
1436 4331 1439 4339 ¹

491 4379 631 4458 Viscera,
652 4380 741 4466 queis
759 4398 870 4447 nemus
888 4397 980 4448 omno
998 4381 1113 4459 fremit,
1134 4397 1229 4447 sonus
1246 4377 1410 4470 obstrepit,
1431 4383 1550 4454 undant

491 4503 665 4582 Murmura,
686 4502 871 4592 franguntur
889 4503 978 4582 rami,
1001 4501 1085 4590 sylva
1104 4504 1204 4572 excita
1223 4503 1336 4573 ferret:

491 4628 583 4699 Haud
602 4627 691 4697 aliter
710 4628 824 4718 Superi
844 4648 932 4698 sacro
951 4628 1108 4698 luctantur
1128 4628 1261 4720 Olympo

491 4755 668 4834 Discordes,
690 4753 741 4822 tali
762 4755 933 4823 miscentur
951 4763 982 4823 et
1001 4762 1081 4821 astra
1100 4755 1248 4823 tumultu.
