3440 5392
638 447 726 495 LIBER
744 447 854 496 PRIMUS

711 707 773 767 LlV

245 969 343 1039 Parva
361 969 450 1048 haec,
470 988 565 1058 quam
583 967 725 1049 colimne,
746 986 930 1037 communes
947 967 1050 1036 Insula
1069 977 1180 1059 portus

245 1093 391 1175 Exhibet,
413 1101 444 1162 et
461 1111 584 1162 merces
602 1092 723 1182 gremio
741 1091 958 1183 complectitur
976 1077 1097 1162 omnes.

245 1219 316 1287 lluc
333 1237 450 1288 venere
468 1227 562 1299 rates,
582 1237 796 1308 quascumque
816 1225 868 1286 aut
887 1217 998 1302 Quiloa
1017 1219 1145 1288 mittunt

246 1343 376 1422 Littera,
394 1341 627 1413 Mombassaere
645 1344 743 1423 sinus,
763 1350 912 1432 portusve
930 1341 1063 1412 Soialae.

246 1466 312 1535 Hae
331 1485 411 1556 opus
428 1475 489 1547 est;
511 1465 580 1536 idco
598 1465 688 1535 nobis
706 1465 843 1534 habitata
860 1465 1052 1555 frequenter,

246 1591 313 1661 Ceu
330 1611 388 1662 nos
405 1590 457 1661 illa
475 1612 587 1682 parens
605 1563 747 1662 lactasset
766 1592 805 1661 ad
823 1591 920 1661 ubera
940 1593 1039 1661 cives:

246 1713 292 1784 dc
308 1735 348 1784 ne
366 1714 442 1804 quid
462 1716 553 1785 lateat
571 1715 706 1797 tandem,
730 1734 824 1806 parva
842 1715 942 1784 insula
960 1735 1073 1785 nomen

245 1840 456 1911 Menambicus
473 1841 578 1920 habet,
598 1861 638 1910 ne
656 1861 712 1912 vos
731 1861 767 1911 ea
784 1861 860 1911 cura
880 1841 996 1931 fatiget.

715 2201 764 2262 LV

245 2463 377 2548 Quando
394 2465 492 2554 igitur
509 2483 591 2554 quae
610 2449 710 2553 regna'
727 2463 821 2535 lndus
839 2464 1003 2534 loecundat
1022 2465 1182 2556 Hydaspes

246 2589 411 2674 Quaeritis
431 2597 463 2658 et
481 2587 577 2657 radiis
595 2588 755 2678 flagrantia
773 2588 876 2658 littora
895 2588 979 2668 solis,
1195 2593 1198 2600 “

245 2712 322 2782 'lam
339 2713 449 2802 procul
467 2733 484 2782 a
502 2713 612 2802 patria,
632 2723 719 2782 certo
737 2712 950 2783 moderamine
968 2712 1091 2783 clavum

245 2817 306 2920 Oui
324 2845 428 2906 teneat
446 2835 601 2917 dabimus,
621 2844 805 2926 secretaque
823 2836 925 2907 littora
943 2846 1106 2906 monstret.

245 2961 335 3032 Nunc
352 2963 449 3052 igitur
467 2963 586 3052 placeat
605 2973 728 3033 nostros
747 2963 880 3032 invisere
899 2972 1022 3053 portus,

245 3085 287 3155 Et
304 3105 449 3156 recreare
468 3087 600 3168 animos,
620 3087 816 3178 dapibusque
834 3086 989 3156 adducere
1007 3087 1104 3156 vires:

245 3209 392 3299 Aequum
409 3211 480 3290 erit,
501 3221 536 3279 ut
552 3221 657 3280 restro
675 3211 742 3281 ilex
762 3211 842 3292 visu,
862 3219 893 3280 et
912 3231 988 3281 voce
1007 3212 1146 3281 lruatur:

246 3333 299 3403 llle
316 3333 401 3404 dabit
419 3335 444 3404 si
463 3334 537 3424 quid
556 3344 676 3405 vestros
695 3336 843 3426 repetatis
860 3336 893 3404 in
910 3355 998 3405 usus.

708 3693 769 3756 LVl

246 3956 332 4025 llaec
350 3955 415 4037 ubi3
436 3976 469 4026 se
486 3957 626 4036 Maurus
647 3956 739 4026 turba
757 3957 935 4034 comitante,
954 3958 1072 4045 recepit

147 4065 153 4082 ⁷
245 4081 278 4150 ln
297 4101 408 4150 navem
427 4084 562 4163 socidm;
583 4081 706 4150 reniam
724 4081 813 4151 ducis
831 4089 901 4150 ante
919 4089 1075 4171 precatae,

244 4205 405 4295 Multaque
423 4205 576 4275 decedens
594 4205 689 4274 animi
707 4200 911 4274 monumenta
929 4203 1056 4293 reliquit

245 4327 391 4398 Officiosa
410 4330 470 4411 sui,
490 4331 590 4400 Lusos
608 4329 727 4400 ellusus
745 4329 776 4398 in
794 4347 914 4398 omnes.

244 4453 391 4524 Phoebus
408 4462 439 4523 at
458 4455 576 4524 interea
595 4454 773 4544 crystallina
792 4452 930 4542 pondera
948 4473 1061 4522 currus

243 4579 429 4648 Permutans
447 4599 520 4650 cum
537 4589 638 4660 nocte,
659 4579 742 4649 diem
760 4579 908 4648 demersit
926 4579 958 4648 in
977 4579 1079 4659 undis

242 4703 373 4774 Munera
392 4703 567 4774 concedens
585 4703 680 4773 radiis
698 4712 850 4772 nocturna
868 4703 995 4783 sororis
1107 4685 1111 4696 ¹

243 4830 360 4899 Luceat
378 4838 414 4899 nt
431 4831 536 4912 terris,
555 4829 692 4899 thalamo
710 4830 786 4900 dum
804 4829 946 4900 membra
964 4829 1101 4899 resolvit.
