3384 5370
886 429 1040 480 [ostentu

917 685 1008 750 blllll

466 951 508 1023 ill
526 951 640 1022 uindex
658 950 825 1031 scelerum,
845 949 945 1041 culpis
962 948 1017 1040 qui
1036 955 1121 1020 certa
1139 947 1264 1038 reponit

465 1076 636 1168 Supplicia,
657 1086 688 1148 et
706 1077 800 1166 longo
819 1093 999 1166 quanquam
1017 1081 1088 1164 post
1105 1081 1248 1164 tempore
1266 1072 1372 1154 sumit,
1391 1100 1394 1106 ¹

466 1201 649 1283 Cunctatus
669 1201 736 1272 sive
753 1208 789 1272 01
807 1199 943 1290 spatium
960 1197 1162 1289 peccantibus
1181 1196 1274 1267 addat

466 1327 565 1418 Spem
583 1327 703 1406 veniae,
724 1325 789 1394 sive
808 1325 870 1394 alta
888 1323 937 1394 sui
955 1323 1081 1393 decreta
1099 1321 1247 1392 recondat

467 1451 597 1534 ludicii3
618 1471 797 1542 quanquam
817 1450 912 1518 uariis
928 1449 1093 1538 hucusque
1112 1446 1239 1538 periclis

466 1575 664 1666 Alpbonsum
683 1575 813 1654 eruerit,
834 1573 930 1644 dnbio
951 1591 1031 1664 quae
1050 1573 1080 1640 in
1099 1570 1200 1642 lllarte
1218 1569 1355 1650 sdbibal,

466 1699 557 1770 Nunc
575 1698 678 1789 placet
694 1706 732 1768 ut
749 1697 859 1767 matris
877 1697 954 1768 diris
971 1697 1137 1776 obnoxius,
1156 1702 1225 1764 atro

466 1823 537 1908 Quo
556 1811 656 1894 tenuit
673 1823 802 1892 meritas
820 1821 935 1911 pendat
952 1840 1012 1910 pro
1031 1839 1159 1890 carcere
1176 1837 1304 1910 poenas.

925 2179 1004 2242 LXX

467 2445 524 2516 llle
542 2446 668 2524 etenim,
688 2452 778 2535 capta
796 2442 872 2514 dum
890 2442 990 2513 laetus
1009 2441 1041 2511 in
1059 2439 1140 2510 urbe
1158 2447 1312 2521 moratur,

469 2570 639 2641 Obsidione
657 2570 744 2659 gravi
762 2576 892 2658 cognato
910 2574 1044 2657 urgetur
1062 2564 1101 2635 ab
1119 2565 1224 2648 hoste;

469 2695 594 2768 Scilicet
612 2692 697 2764 haud
716 2693 830 2763 tulerat
849 2692 908 2762 sibi
926 2692 994 2760 Rex
1012 2690 1159 2780 Legionis
1179 2689 1356 2780 ademptam

469 2819 554 2889 luris
572 2818 611 2888 ab
629 2818 719 2888 hoste
739 2817 787 2887 sui
805 2815 929 2885 uiolatis
947 2814 1072 2905 legibus
1091 2813 1220 2894 urbem;

467 2944 622 3036 Propositi
639 2950 746 3013 manet
763 2942 813 3012 ille
831 2949 933 3022 tenax,
954 2961 1011 3010 neo
1030 2939 1069 3010 ab
1088 2939 1167 3009 urbe
1187 2938 1317 3018 recedit,

469 3068 543 3149 Sed,
564 3069 720 3147 demere,
741 3066 785 3136 illi
804 3066 890 3136 stetit
907 3065 984 3135 haec
1003 3063 1155 3134 sententia
1174 3081 1263 3143 caro;

469 3193 626 3283 impactus
644 3190 765 3262 loribus
783 3210 857 3260 nam
875 3209 969 3258 crura
986 3187 1064 3257 illisa
1083 3186 1238 3276 refringit,

434 3299 440 3312 “
469 3317 554 3386 Dum
572 3317 636 3387 ruit
653 3317 684 3386 in
702 3314 832 3396 bellum,
852 3315 1019 3402 victusque
1037 3320 1161 3382 tenetur
1179 3310 1218 3380 ab
1236 3311 1336 3380 hoste.

919 3671 1009 3734 cxxi
1114 3739 1117 3744 ,

453 3939 517 4010 .Νο
534 3949 570 4008 10
587 3956 700 4028 magne
718 3934 789 4005 dole
806 3933 965 4024 Pompeio,
986 3931 1102 4002 absiste
1120 3931 1267 4022 querelis,

469 4064 553 4135 Dum
571 4063 637 4134 ruis
655 4082 694 4132 en
713 4059 775 4130 alto
793 4059 950 4130 Fortunae
969 4056 1115 4136 culmine,
1136 4073 1314 4146 quanquam

469 4187 597 4260 Arbitio
615 4187 752 4256 latorum
767 4184 853 4274 justo
870 4181 1061 4252 Rhamnusia
1079 4187 1152 4248 voto

470 4315 616 4406 imperet,
635 4320 671 4381 ut
689 4330 799 4381 socero
818 4307 968 4378 concedas
986 4307 1089 4376 victus
1107 4301 1212 4374 arenci.

469 4438 517 4510 No
535 4436 649 4517 doleas,
669 4453 848 4525 quanquam
866 4431 968 4522 gelida
985 4438 1017 4500 to
1035 4428 1184 4500 Phasidos
1201 4426 1314 4506 undae,

468 4561 587 4652 illeque
604 4578 667 4628 non
685 4557 816 4626 umbras
833 4575 972 4646 unquam
990 4553 1133 4622 inclinata
1151 4551 1265 4642 Syene,

469 4683 614 4776 Frigidus
632 4681 844 4772 Arctophylax
862 4689 894 4750 et
912 4680 993 4750 linea
1013 4675 1131 4748 torrida
1149 4677 1215 4748 sole

469 4811 575 4892 Facta,
595 4809 708 4880 timore
727 4816 799 4878 tuae
814 4805 1018 4900 'tremuissent
1036 4803 1164 4876 lulmina
1184 4802 1324 4873 dextrae.
