3394 5372
608 441 698 490 trusis
719 441 853 498 QUINTUS
897 402 901 412 Ι

683 699 877 763 ΧΧΝ,

233 961 295 1030 Sed
311 961 376 1051 jam
395 961 449 1052 qui
467 961 569 1051 prima
588 961 666 1030 coeli
685 964 816 1032 statione
833 962 956 1052 planetu

232 1085 386 1164 Excubat,
407 1085 598 1165 accelerans,
617 1086 729 1176 quinos
747 1085 919 1156 mulecerat
937 1087 1041 1168 orbes,

232 1209 274 1278 Et
291 1228 373 1281 nunc
391 1208 531 1289 dimidio,
551 1228 635 1280 nunc
653 1217 717 1280 tuto
735 1209 857 1280 lucidus
875 1229 942 1290 ore,
1001 1257 1008 1274 .

232 1333 419 1404 llonstrdrat
436 1353 516 1413 sese,
536 1333 667 1424 pelagus
685 1333 761 1406 dum
781 1334 887 1404 classis
905 1335 1024 1417 arabat3
1089 1343 1093 1356 “

216 1429 338 1542 'Quum
357 1459 438 1528 celsa
456 1459 560 1528 subito
578 1460 754 1549 speculator
772 1460 804 1528 in
823 1459 935 1530 arbore
952 1469 1058 1540 nauta,

231 1583 370 1662 Excitus
391 1591 508 1653 terram
528 1583 686 1664 inclamat,
706 1592 886 1674 terramque
905 1585 1026 1654 salutat.

231 1705 298 1776 Hoc
316 1707 472 1778 stimulata
490 1728 566 1794 souo
584 1707 677 1778 turba
696 1707 792 1787 exilit,
813 1709 922 1798 implet
939 1710 1098 1800 utrimque

199 1843 202 1848 ·
231 1829 323 1900 Laeta
341 1830 437 1912 loros,
456 1831 618 1922 flectitque
635 1833 743 1902 oculos
761 1832 897 1902 Orientis
915 1833 946 1902 in
965 1852 1048 1904 aree.

681 2189 762 2254 XXV

228 2452 372 2523 Nubibus
390 2453 541 2543 incipiunt
558 2453 675 2522 similes
692 2473 727 2523 se
744 2453 1029 2542 attollere'montes

228 2578 315 2660 Quos
333 2578 443 2669 procul
463 2579 645 2669 aspicimus:
665 2599 738 2652 mox
755 2578 857 2649 terrea
875 2578 1015 2669 pondera
1032 2599 1141 2650 morsu

227 2703 313 2788 Quae
329 2713 454 2774 teneant
472 2725 552 2774 unco
571 2705 681 2774 tumidi
700 2703 796 2774 maris
814 2705 887 2784 ima,
908 2723 1054 2793 paramus
1060 2725 1069 2786 ;

226 2827 363 2918 Appulsi·
378 2849 416 2898 ex
434 2831 518 2900 omni
537 2829 731 2900 demittimus
749 2829 861 2902 arbore
878 2829 954 2898 uela.

226 2953 333 3043 thue
351 2955 451 3044 magis
467 2963 605 3044 pateant,
625 2975 703 3045 quas
722 2955 818 3024 classe
838 2953 1027 3024 accessimus
1044 2973 1126 3033 oras,

226 3079 311 3163 Quas
329 3079 395 3148 lure
414 3079 552 3150 diversas
570 3081 713 3160 nimium,
733 3080 885 3170 Lyciaque
904 3089 1040 3149 remotas
1128 3095 1136 3114 ·

227 3200 403 3284 Credimus,
422 3205 604 3294 inspicimus
623 3205 677 3296 qui
695 3205 809 3295 digerit
827 3213 910 3274 astra
927 3203 1142 3295 quadrantem,

225 3326 336 3397 Nobile
353 3348 444 3418 opus,
464 3349 594 3418 maguae
613 3330 775 3400 inventum
793 3327 935 3400 mirabile
953 3328 1077 3399 mentis.

672 3687 763 3750 lllllll

169 3997 177 4010 .
225 3947 379 4025 Continuo
398 3950 429 4018 in
447 3949 531 4039 longi
550 3958 670 4020 uastam
688 3949 905 4020 descendimus
921 3970 1010 4018 oram

225 4072 363 4154 Litteris,
382 4072 493 4144 elludit
511 4076 572 4163 qu'a
590 4094 624 4144 se
642 4094 718 4164 gens
736 4073 814 4154 lusa,
833 4073 959 4143 uidendi

225 4197 287 4266 Res
305 4197 409 4267 studio
426 4199 544 4268 concita
563 4218 670 4279 novas,
690 4199 745 4269 ubi
763 4171 868 4269 nullus
885 4199 988 4269 arenis

224 4321 349 4391 Finierat
367 4332 515 4394 astemus
533 4325 662 4413 uestigia
681 4334 752 4395 nota
771 4328 879 4396 viator.
1029 4298 1037 4314 ’

224 4445 281 4517 Ast
298 4467 369 4538 ege,
389 4448 527 4520 collectis
544 4450 624 4519 sicco
643 4451 773 4520 statione
790 4452 958 4539 magistris,

223 4571 267 4642 Ut
286 4592 365 4662 quae
384 4593 435 4643 me
454 4577 553 4664 regio,
573 4584 742 4654 errantem,
763 4595 881 4665 quaere
900 4597 954 4644 ora
973 4585 1106 4664 teneret,

222 4694 399 4785 Agnoscam
417 4699 563 4787 speculor
581 4717 703 4779 cursus,
724 4707 755 4768 et
773 4699 890 4769 lumina
908 4687 992 4780 solis,
1095 4733 1099 4746 ·

223 4819 336 4889 lletior
355 4830 384 4890 et
404 4829 519 4892 tractus
537 4831 705 4903 terrarum,
725 4831 756 4892 et
774 4823 876 4894 sidera
896 4827 993 4914 signo.
