3440 5392
581 493 671 540 undu
690 493 850 544 SECUNDUS

671 751 761 814 xvtlt

218 1010 351 1100 Jamque
369 1019 463 1080 tenax
483 1020 593 1101 ruptos
613 1011 732 1082 divellit
750 1013 793 1082 ihi
813 1013 947 1084 anchora
965 1034 1101 1098 morsus,

218 1135 352 1204 Tollitur
369 1145 401 1204 et
419 1136 530 1205 solitus
548 1146 717 1206 nautarum
734 1137 773 1206 ad
792 1136 896 1208 littora
915 1139 1044 1220 clamor,

217 1261 258 1328 Et
277 1267 398 1329 tantum
418 1280 434 1328 a
453 1281 547 1349 prora
566 1260 691 1330 solvunt
710 1282 786 1350 vaga
804 1263 898 1331 lintea
916 1270 1021 1344 vento,

218 1383 425 1473 Signatosque
445 1392 555 1473 petunt
574 1385 693 1454 directo
713 1386 810 1454 limite
830 1393 951 1475 portus

218 1507 351 1576 Pulchra
371 1516 475 1576 tamen
493 1509 544 1578 cui
564 1517 733 1600 perpetuae
753 1529 830 1600 gens
849 1511 959 1580 martia
978 1532 1084 1592 curae,

218 1631 311 1700 Haud
331 1632 438 1720 ignara
457 1632 531 1715 doli,
552 1632 733 1724 fraudisque
751 1636 851 1724 perita
870 1634 1005 1716 latentis,

218 1754 245 1823 Ε
264 1755 388 1845 superis
406 1756 539 1845 Erycina
558 1757 651 1839 colat,
672 1757 846 1848 similisque
865 1761 1005 1848 sagittae,

218 1879 356 1949 Numine
374 1880 543 1961 flammato,
563 1881 667 1971 pelagi
686 1901 753 1950 sese
774 1881 877 1951 intulit
896 1883 999 1953 undis.

683 2239 750 2300 XIX

220 2497 358 2569 Candida
378 2508 521 2569 natarum
538 2499 633 2571 Nerei
652 2509 742 2571 vocat
761 2501 895 2592 agmina,
915 2505 1003 2592 ponti

219 2623 362 2694 Caerulei
381 2625 533 2694 comitum
552 2625 689 2714 reliquas
709 2628 768 2695 ciet
786 2626 927 2716 undique
947 2625 1067 2706 turbae,

219 2749 299 2819 Nam
319 2749 404 2839 qnod
422 2759 494 2820 nata
513 2751 577 2821 salo
595 2771 723 2822 roseum
741 2751 838 2821 decus
857 2751 980 2832 extulit,
1001 2753 1094 2822 undis

219 2875 392 2954 Praesidet,
413 2874 642 2966 arbitriumtpre
660 2877 757 2946 maris
775 2877 832 2945 sibi
851 2876 996 2946 vendicat
1015 2896 1107 2967 ergo;

218 2999 390 3088 Exponens
405 2999 505 3088 justas
522 3001 668 3071 veniendi
687 3003 719 3070 in
738 3001 861 3072 caerula
881 3021 999 3082 causac,

219 3123 360 3212 Suscipit
379 3123 451 3192 inde
469 3123 568 3205 viam;
589 3125 710 3194 uinctis
730 3126 875 3194 cantitata
895 3126 1022 3204 recedit,

218 3246 262 3318 Ut
281 3268 350 3317 sese
369 3248 494 3338 objiciat
513 3251 650 3318 venienti
671 3251 702 3318 in
721 3251 812 3320 noxia
830 3251 920 3320 classi

220 3373 353 3453 Littera,
372 3373 427 3443 ubi
445 3375 571 3464 penitus
590 3374 673 3444 iatali
693 3375 781 3446 clade
799 3377 929 3466 periret.

689 3733 746 3796 XX

220 3995 353 4088 Jamque
371 3996 468 4065 maris
485 3995 580 4065 celeri
599 3995 726 4086 rapiunt
744 3997 822 4066 ireta
841 3997 960 4066 concita
980 4004 1079 4079 motu,

220 4122 426 4214 Argentoque
446 4123 529 4192 cient
546 4141 693 4212 spumosa
711 4121 871 4190 volumina
890 4122 1021 4192 caudae:

227 4248 333 4318 Findit
350 4267 446 4338 aquas
464 4247 556 4316 niveo
573 4254 756 4316 resonantes
773 4254 900 4336 pectore
918 4244 1041 4326 Clotho

219 4373 261 4443 Et
280 4383 366 4444 secat
383 4372 541 4464 oppositas
560 4373 651 4442 solito
669 4371 837 4440 violentius
854 4370 972 4439 undas:

218 4500 317 4568 Exilit
333 4498 407 4569 hinc
425 4497 510 4578 Nise,
529 4496 646 4566 Nerine
666 4515 699 4565 se
713 4495 786 4564 inde
806 4494 938 4564 remittit

221 4624 345 4694 Fortior
365 4625 397 4690 in
416 4621 541 4701 saltum,
562 4629 592 4690 ct
611 4621 723 4711 crispis
741 4619 955 4710 supereminet
972 4618 1077 4688 undis.

201 4747 352 4848 'Caerula
372 4746 447 4816 dant
466 4755 595 4816 curvata
612 4747 708 4827 viam,
728 4753 833 4814 metus
850 4744 958 4813 incitat
976 4763 1095 4832 aequor

218 4869 412 4953 Nereidum;
431 4869 484 4940 tali
504 4871 678 4961 glomerant
696 4891 764 4940 sese
782 4871 906 4960 agmine
923 4866 1097 4959 Nymphae.
