3384 5370
549 461 638 511 urens
658 460 817 512 sncuoncs

658 721 708 782 XC

185 982 384 1074 Sulphureae
401 980 528 1052 volitant
541 983 671 1052 mentito
689 981 818 1051 fulmine
836 981 990 1064 flammae,

186 1106 276 1192 Quae
295 1106 433 1176 tremulo
450 1101 575 1196 rapidos
593 1106 755 1176 imitantur
773 1109 804 1175 in
823 1108 895 1196 igne
914 1115 1065 1188 cometas;

186 1229 295 1302 Aenea
312 1225 477 1300 Mulciberi
497 1223 667 1319 explodunt
683 1237 841 1300 tormenta
858 1211 1004 1311 ministri,

187 1353 337 1424 Terribili
356 1357 460 1424 sonitu
478 1352 612 1433 coelum,
632 1371 732 1434 mare,
751 1361 846 1434 terra,
867 1355 1034 1424 tremiscit:

187 1479 282 1570 Ignea
300 1477 485 1568 Cyclopum,
503 1473 598 1549 missa
615 1478 690 1559 lace,
710 1496 841 1548 munera
859 1478 991 1568 fingunt,

186 1602 306 1693 ignitos
324 1622 424 1693 quum
441 1603 565 1672 llamma
584 1601 694 1693 globos
712 1621 842 1672 excussa
860 1622 918 1693 per
937 1623 1028 1672 auras

187 1727 293 1818 Ejicit,
314 1725 488 1796 horrisonis
505 1726 556 1796 alii
576 1725 765 1796 clamoribus
784 1735 865 1795 astra

188 1841 373 1932 Sollicitant,
394 1848 615 1942 geminamque
633 1849 754 1930 modos,
775 1858 807 1920 et
824 1859 970 1942 tympana
987 1851 1119 1942 pulsant.

652 2207 713 2271 XC}

189 2475 257 2546 Nec
275 2473 381 2543 minus
398 2467 543 2542 ardentes
560 2463 633 2540 dant
650 2471 771 2561 hospita
789 2471 893 2542 littora
911 2472 1066 2554 llammas;
1111 2459 1115 2468 ’

188 2598 324 2668 Ducitur
343 2595 486 2666 ardentes
504 2595 649 2666 versatile
665 2595 784 2665 iulnren
802 2596 833 2665 in
852 2595 956 2676 orbos,

188 2721 336 2792 Volvitur
354 2720 386 2788 in
399 2695 498 2810 {gyrus
515 2719 624 2811 rapido
642 2729 710 2790 rota
728 2729 808 2790 torta
827 2721 943 2800 lurore,

188 2847 333 2918 Pulveris
350 2845 464 2916 occulti
483 2854 590 2936 crepat
607 2846 719 2936 igneus
737 2845 830 2916 ardor
848 2847 997 2916 inauras.

188 2971 341 3042 Diversus
358 2971 466 3061 populi
485 2969 556 3040 ierit
574 2989 669 3041 aurea
688 2969 789 3040 sidera
809 2969 936 3052 clamor,

189 3096 270 3166 Hinc
289 3097 425 3166 flammis
442 3095 502 3166 late
522 3095 659 3166 accensis
676 3095 755 3165 irata
774 3096 864 3184 longa
882 3105 1057 3176 coruscant,

189 3220 254 3292 Nec
271 3220 378 3291 minus
395 3217 563 3291 ardescunt
581 3221 735 3290 contraria
753 3221 857 3290 littora
875 3219 1024 3302 flammis;

190 3342 289 3437 bique
306 3345 409 3414 vicem
426 3344 530 3436 specie
549 3351 668 3415 certam
685 3341 744 3414 sibi
762 3342 911 3434 plaudere
928 3343 1045 3413 Martis.

597 3707 601 3720 '
648 3699 721 3763 xctl

191 3965 253 4036 Sed
268 3965 345 4055 jann,
366 3965 529 4054 perpetuis
547 3965 601 4054 qui
620 3963 757 4033 volvitur
775 3963 916 4043 orbibus,
936 3962 1001 4031 axis

191 4089 341 4160 Siderous
359 4096 467 4179 gentes
485 4107 579 4180 opera
597 4088 636 4158 ad
654 4087 777 4158 diversa
795 4087 943 4168 vocabat;·

190 4212 363 4284 Memnonis
381 4213 461 4284 alrna
479 4233 602 4304 parens,
624 4212 706 4282 illata
724 4213 867 4302 lampade
885 4211 986 4293 terris

191 4335 339 4428 Signabat
358 4357 468 4408 somno
485 4338 625 4408 rutilanti
643 4339 741 4408 limite
758 4346 869 4418 metas,

190 4460 231 4530 Et
247 4461 347 4531 lentas
364 4461 459 4532 radiis
477 4461 599 4532 solvens
618 4460 799 4532 ardentibus
816 4460 956 4541 urnbras,

191 4585 281 4656 Prata
300 4606 396 4678 super
413 4587 552 4677 gelidum
570 4586 703 4657 stillabat
720 4586 830 4657 llorida
848 4605 965 4666 rorem,

190 4709 295 4794 Quum
313 4711 507 4784 Molindanus
525 4714 626 4802 patrio
644 4731 678 4782 se
695 4711 800 4782 littore
817 4711 964 4800 Princeps

190 4833 224 4906 ln
242 4835 351 4926 lysiam
370 4837 512 4920 classem,
531 4837 643 4928 pelago
660 4857 741 4928 quae
759 4837 881 4918 insistit,
902 4836 1023 4926 agebat.
