3384 5370
916 537 1071 583 tramittit

941 793 1047 855 llllllll

496 1055 642 1126 Reddidit
660 1055 860 1124 horrisonum
879 1054 950 1124 belli
970 1054 1045 1124 tuba
1064 1055 1172 1124 nuntia
1191 1075 1349 1137 murmur,

495 1179 593 1249 Sibila
612 1179 686 1248 dant
703 1178 782 1258 litui,
802 1178 877 1248 dant
896 1187 1042 1269 tympana
1061 1199 1235 1261 murmura,
1257 1181 1387 1248 volvunt

495 1304 643 1394 Signiferi
663 1304 695 1372 in
714 1304 811 1372 llexns
830 1303 943 1372 vexilla
961 1304 1111 1374 undantia
1131 1325 1236 1394 gyras,

494 1427 671 1500 Ostendant
689 1431 793 1497 rarius
812 1436 1005 1518 quaerente
1024 1429 1180 1518 aspirante
1200 1429 1341 1498 celeres:

494 1553 633 1642 Tempus
650 1561 718 1622 erat
736 1553 836 1622 cernit
855 1573 918 1642 quo
936 1573 1054 1623 massas
1073 1574 1145 1622 arca
1163 1553 1283 1642 fruges
1353 1617 1357 1626 .

494 1679 535 1748 Et
552 1687 676 1748 matura
694 1677 790 1748 Ceres
808 1679 862 1748 dat
880 1699 976 1768 grana
997 1679 1127 1748 terenda
1146 1680 1280 1762 calenis;

494 1802 658 1872 Astraeum
677 1823 776 1894 qrrum
794 1803 938 1873 Phoebus
957 1803 1025 1884 init,
1045 1803 1226 1893 mensisque
1246 1805 1383 1874 retinnit

495 1925 669 2016 Augustus,
689 1927 890 2016 Bacchusque
908 1929 1024 2018 premit
1043 1927 1122 2018 pede
1143 1927 1279 1997 ten-mus
1296 1949 1384 1996 uvas.

934 2287 1049 2350 lllllllll
1131 2347 1137 2354 .

1117 2418 1130 2451 Ι

495 2551 666 2621 Castellana
685 2549 771 2620 dedit
790 2551 880 2619 bellis
899 2549 974 2618 tuba
991 2549 1112 2620 concita
1131 2550 1266 2639 signum,

494 2674 630 2744 Horrida
649 2693 728 2765 quae
748 2674 863 2754 sonitu,
883 2675 959 2744 llatu
978 2693 1100 2764 aspera,
1119 2671 1187 2742 dira
1207 2693 1338 2743 canore:

389 2814 394 2822 '
493 2799 622 2870 Artabri
641 2800 745 2868 sonitu
764 2807 961 2869 tremuerunt
979 2799 1101 2867 viscera
1120 2799 1249 2876 montis;

493 2924 567 3013 Egit
585 2923 671 2994 Anas
689 2932 775 2994 retra
794 2943 906 2992 versus
924 2921 1092 2992 formidine
1110 2922 1265 3012 lymphas.

493 3048 610 3118 Darius
628 3049 747 3138 accepit
766 3051 913 3128 sonitum,
935 3056 967 3117 et
985 3057 1071 3116 trans
1089 3046 1172 3116 culta
1191 3067 1337 3116 serenum

493 3174 580 3244 llura
597 3174 729 3264 Tagum,
750 3175 852 3264 Tagus
870 3173 1027 3262 ambiguis
1046 3174 1131 3242 stetit
1150 3174 1263 3242 anxius
1281 3172 1385 3252 undis,

492 3297 689 3388 incurritque
708 3299 803 3367 mari:
824 3317 991 3388 percussae
1009 3317 1174 3366 murmure
1194 3306 1310 3366 matres

493 3422 645 3492 Harribili
665 3443 776 3512 parvos
795 3441 938 3512 pressere
957 3421 995 3490 ad
1014 3429 1142 3509 pectora
1160 3429 1260 3489 nates.

942 3781 1034 3843 lllllli

491 4043 574 4127 Quot
593 4052 661 4114 turn
680 4064 857 4135 purpureos
875 4044 1023 4113 amittunt
1041 4063 1097 4112 cra
1114 4043 1237 4113 celares

491 4168 620 4251 Pallida,
642 4169 726 4260 qnod
743 4169 826 4239 fidus
844 4168 906 4238 coit
925 4169 957 4237 in
976 4167 1163 4258 praecordia
1182 4167 1324 4256 sanguis!

490 4295 632 4384 Namque
650 4295 704 4364 ubi
723 4314 757 4366 se
775 4293 926 4384 objiciunt
945 4293 1091 4383 graviora
1109 4292 1260 4382 pericula,
1281 4302 1429 4362 crescrmt

491 4417 545 4487 llla
564 4427 662 4499 metu,
682 4420 844 4510 maiorque
862 4419 941 4489 salat
959 4419 1054 4487 timer
1072 4437 1142 4486 esse
1161 4417 1298 4506 periclo}

491 4543 582 4627 ercd
600 4544 625 4613 si
646 4554 749 4613 terror
769 4543 867 4624 abest,
887 4544 1008 4634 species
1026 4563 1085 4611 nec
1103 4542 1172 4611 dira
1190 4544 1338 4611 timorem

490 4669 614 4748 incutit,
635 4669 703 4759 ipse
720 4669 819 4751 turer,
840 4670 895 4759 qni
914 4668 1008 4738 corda
1027 4667 1159 4756 impellit
1178 4668 1209 4736 in
1228 4667 1361 4747 hostem,

490 4793 614 4862 Avertit
631 4800 771 4861 mentem
789 4792 943 4861 durusne
962 4792 1074 4861 sentiat
1093 4792 1184 4873 ictus,
1212 4873 1215 4879 ¹

490 4915 556 4986 Nec
574 4913 692 5004 pendat
709 4915 813 5004 magni
830 4915 985 5002 jucundae
1003 4935 1134 4984 munera
1154 4915 1247 4984 ritae.
