3406 5378
902 475 1053 522 tttstnnal:

916 732 1039 794 CXLYH

485 995 612 1086 Aspice,
632 997 727 1086 quim
744 995 881 1085 prompti
901 995 988 1064 vario
1007 997 1175 1064 certamine
1193 1015 1322 1085 campos

485 1119 673 1210 Corripiant,
695 1127 865 1210 taurosque
885 1127 1000 1198 truces,
1020 1138 1193 1209 saevosque
1209 1117 1316 1188 leones

485 1245 587 1326 Quam
606 1243 754 1322 similent,
774 1242 961 1332 traduntque
980 1241 1064 1322 lami,
1084 1241 1228 1333 duroque
1247 1242 1355 1321 labori,

486 1367 595 1446 Ferro,
616 1367 691 1455 ign‘i,
711 1365 833 1454 gladiis,
854 1366 986 1456 telisque
1004 1375 1035 1434 et
1053 1365 1219 1456 glandibus
1236 1375 1333 1446 arlus,

485 1487 645 1570 bestibus,
665 1499 696 1558 et
715 1511 841 1560 rursum
860 1489 1099 1580 gelidarumque
1118 1489 1189 1558 inde
1208 1490 1369 1580 plagarum

486 1614 681 1704 Frigoribus,
700 1636 774 1684 mor
791 1614 985 1697 vulneribus
1005 1635 1085 1705 quae
1103 1614 1256 1685 barbarus
1273 1614 1381 1694 bostis,

486 1739 615 1810 Maurus
632 1749 663 1809 et
681 1741 820 1820 intentat,
840 1741 948 1810 multis
966 1740 1097 1830 aliisque
1115 1741 1250 1831 periclis,

487 1863 673 1954 Naufragiis
692 1865 838 1934 monstris
855 1864 968 1955 pelagi,
988 1865 1161 1954 pelagoque
1180 1863 1349 1954 profundo:

923 2223 1058 2286 CXLVbl

488 2485 532 2557 Ut
549 2503 671 2554 morem
688 2483 745 2554 tibi
763 2493 872 2576 sponte
891 2493 1000 2574 gerant
1018 2484 1055 2554 ad
1075 2495 1187 2556 cuneta
1206 2490 1315 2576 parati,

488 2608 628 2700 Corpore
646 2608 805 2690 distentae,
827 2609 929 2679 animo
946 2611 1091 2698 votisque
1109 2611 1286 2700 propinqui,
1357 2639 1358 2642 ¹

487 2733 644 2823 Imperiis
665 2733 791 2812 dociles,
812 2752 937 2823 semper
955 2733 1082 2804 virtutis
1101 2742 1250 2816 amantes,

487 2859 579 2929 Nulla
598 2879 685 2929 mora
703 2869 762 2940 est,
782 2860 894 2929 adsunt
912 2859 1038 2938 hilares,
1059 2867 1090 2929 et
1104 2859 1192 2950 jussa
1210 2869 1389 2950 capessunt:

488 2983 522 3053 Si
540 2983 670 3074 propius
688 3003 795 3054 eoram
813 2984 955 3073 aspicias
975 2983 1141 3054 formidine
1160 2985 1244 3054 nulla

488 3107 627 3178 lnlernos
645 3109 750 3177 hostes
767 3108 941 3189 bominum,
961 3111 1141 3201 stygiosque
1159 3119 1319 3200 tyrannos

488 3232 531 3301 Te
550 3232 642 3312 duee,
662 3241 870 3312 contemnent,
889 3233 992 3302 seouri
1012 3234 1043 3302 in
1060 3232 1143 3302 bella
1162 3243 1305 3303 ruentes:

490 3357 543 3428 Sio
560 3376 685 3448 semper
703 3358 803 3428 vietor
821 3358 929 3428 multis
946 3358 1158 3429 dominaberis
1176 3361 1250 3429 oris.
1373 3431 1383 3448 ,

928 3719 1039 3781 ΟΧΗΧ

491 3980 562 4051 lllos
580 4001 657 4072 ergo
676 3980 757 4062 love,
777 3981 930 4051 bumanos
948 3990 1042 4071 atque
1061 3979 1155 4051 indue
1174 3981 1289 4062 vultus,

490 4106 608 4175 Omnes
627 4105 803 4196 suscipiens
821 4105 928 4175 rarbis
947 4125 982 4175 ao
1002 4105 1102 4174 lronte
1122 4124 1246 4206 sprena3

489 4230 627 4321 Legibus
645 4251 779 4300 exonera
797 4229 886 4300 duris
904 4231 1099 4320 nimiumque
1118 4231 1247 4309 severis,

491 4355 543 4426 Sie
558 4355 609 4424 via
628 4355 737 4424 virtuti
755 4374 789 4424 se
807 4353 914 4444 pandit
933 4363 964 4424 et
981 4355 1045 4424 itur
1063 4354 1102 4423 ad
1120 4363 1215 4422 astra.

492 4480 698 4552 Commendat
716 4499 824 4549 rerum
843 4500 923 4569 quos
942 4479 1143 4569 experientia,
1159 4480 1291 4570 J'ungant

492 4607 649 4677 Virtutem
667 4613 814 4697 expertae
833 4607 858 4674 si
876 4604 986 4701 menti,
1007 4603 1121 4672 extolle
1139 4612 1308 4682 merentes,

493 4729 699 4821 Consiliisque
717 4729 846 4800 admitte
865 4729 939 4808 tuis,
957 4747 1030 4796 narn
1047 4734 1191 4817 tempora
1209 4725 1328 4816 agendo

492 4855 614 4926 Norunt
632 4863 703 4946 apta
721 4855 833 4944 magis,
853 4862 1037 4924 cunctarum
1055 4862 1087 4923 et
1105 4853 1246 4944 pondera
1264 4871 1382 4922 rerum.
