3440 5392
291 415 527 472 ,xvh

381 645 525 747 gratiam
551 658 777 752 posterorum.
798 644 881 722 Post
901 643 1018 748 plures
1037 645 1097 750 qui
1119 643 1299 724 Macedurn
1319 645 1484 725 laudibus
1503 647 1586 726 olle-

382 784 462 848 runt
480 769 621 861 meritis,
637 767 747 847 Iulius
767 767 928 847 Clemens
947 769 1072 848 Scotus
1092 769 1128 848 in
1147 769 1237 848 lilrro
1250 796 1354 875 quern
1374 770 1507 876 absquo
1527 798 1588 852 au-

256 926 259 934 ·
381 896 484 975 ctoris
509 894 648 974 nornine
674 893 794 986 edidit,
821 890 940 974 Notoc'
956 895 1139 998 sccoqioto
1165 908 1311 1000 quotuor
1336 896 1482 976 morales
1509 923 1585 976 ceu-

381 1021 490 1099 socioc
516 1033 548 1099 ct
569 1019 748 1098 historicae
774 1017 822 1097 od
842 1019 1109 1124 Inscriptioacnt,
1127 1019 1321 1124 Epistolom
1346 1021 1394 1099 od
1417 1021 1585 1116 lectoren,

381 1144 677 1250 Approhotioocm,
697 1154 730 1220 et
747 1144 862 1248 cupito
881 1143 1038 1222 tredecim
1055 1143 1318 1224 introductionis
1333 1144 1380 1224 od
1394 1145 1586 1225 Historiam

385 1268 529 1349 Concilii
556 1268 754 1359 Tridentini,
784 1267 962 1372 inscripto,
986 1268 1090 1346 refert
1114 1295 1193 1347 eurn
1227 1269 1359 1348 Rornae
1392 1269 1428 1347 in
1456 1268 1586 1375 ternplo

383 1393 418 1472 S.
429 1393 614 1495 Augustini
632 1393 737 1471 trium
755 1392 869 1496 spatio
889 1392 1022 1470 dierum
1039 1418 1132 1471 anno
1147 1419 1305 1486 uocnrrn,
1318 1392 1470 1471 de'ornni
1484 1392 1586 1498 plane

383 1518 495 1597 scibili
521 1517 638 1596 theses
666 1515 883 1622 exposuisse,
904 1541 945 1595 ee
964 1516 1008 1595 de
1027 1516 1069 1594 iis
1093 1516 1334 1623 respondisse:
1355 1516 1399 1595 de
1418 1542 1586 1623 quacum-

304 1631 306 1637 ’
382 1669 449 1748 qne
468 1668 506 1720 re
525 1641 591 1720 sibi
611 1641 790 1746 proposita
810 1641 987 1745 copiosum
1008 1641 1287 1746 concinnurnque
1308 1666 1504 1747 serrnonerp
1523 1641 1585 1719 ha-

382 1767 475 1860 bero,
497 1767 756 1871 oppositasque,
777 1764 907 1843 nedum
933 1764 1098 1858 diversas,
1120 1765 1299 1844 doctorurn
1325 1766 1506 1871 opiniones
1528 1791 1587 1844 ca·

381 1891 585 1971 tlrolicorurn
618 1889 898 1993 ingeniosissime
931 1887 1129 1968 defendere.
1160 1889 1268 1970 Sirnul
1298 1889 1394 1968 aliud
1429 1890 1587 1969 exhihuit

381 2017 469 2095 vasti
496 2015 551 2093 sui
577 2013 823 2118 doctrinaeque
842 2013 955 2092 ornnis
979 2014 1195 2118 capacissimi
1216 2014 1347 2118 ingenii
1370 2015 1586 2121 experimen-

382 2153 457 2218 turn
470 2137 697 2218 Venetiarurn
712 2137 802 2232 urbi,
816 2162 879 2242 per
892 2137 1045 2240 integros
1060 2151 1136 2216 octo
1152 2137 1238 2233 dies,
1251 2139 1381 2217 Theses
1395 2139 1584 2220 sustinens

382 2264 398 2342 l
418 2265 469 2342 Ile
490 2289 590 2341 socco
612 2261 793 2366 scripturo.
813 2261 846 2339 Π
864 2261 917 2340 Dc
942 2271 1161 2340 comanorum
1183 2262 1383 2368 pontificum
1408 2263 1502 2358 secie,
1523 2291 1586 2342 oo·

383 2388 551 2478 ctoritate,
571 2399 633 2464 etc.
650 2385 701 2464 III
720 2385 773 2465 Dc
791 2385 933 2480 historio
955 2386 1190 2465 ecclesiastico.
1210 2387 1257 2464 IV
1273 2386 1325 2465 Dc
1351 2385 1419 2466 SS.
1441 2387 1588 2468 Petrum

382 2523 493 2590 octotc
507 2522 539 2589 et
552 2510 716 2588 doctrino.
727 2509 821 2589 voe
835 2520 908 2587 toto
920 2508 1134 2614 philosophia
1148 2522 1181 2589 et
1196 2510 1360 2614 theolegio
1374 2511 1587 2616 speculatioo

383 2647 417 2714 ct
439 2634 575 2714 morali.
595 2633 642 2714 VI
662 2634 714 2713 De
733 2633 877 2712 historio
894 2660 1017 2738 praeco
1034 2647 1067 2713 ct
1085 2633 1198 2714 latino
1216 2646 1248 2713 ct
1267 2633 1426 2714 hocharo.
1446 2636 1509 2714 Vll
1534 2637 1588 2714 De

382 2760 552 2840 rhetorico
569 2772 671 2864 atquc
688 2761 760 2865 ejus
778 2769 861 2854 orte,
878 2759 929 2836 ito
949 2773 986 2838 ut
1003 2784 1244 2864 quamcumque
1262 2759 1338 2864 quis
1358 2761 1587 2864 quaestionem

382 2885 508 2963 dicenti
523 2895 673 2990 poneret,
685 2883 775 2962 deco
785 2897 986 2988 ccctcmpore
998 2882 1165 2963 dicentem
1180 2883 1328 2963 audiret.
1341 2883 1420 2963 VIII
1434 2886 1487 2964 De
1501 2884 1586 2964 Poc-

384 3009 451 3088 tico
468 3021 499 3088 et
516 3009 622 3113 poetis
635 3007 777 3111 graccis,
794 3006 922 3098 latinis,
938 3007 1044 3098 italis,
1061 3007 1227 3110 hispanis,
1241 3008 1357 3111 pollis,
1372 3009 1421 3087 ita
1435 3022 1473 3087 ut
1487 3009 1584 3089 obla·
1710 3029 1711 3088 t

286 3235 289 3242 .
383 3146 453 3210 tarn
478 3131 642 3236 quamvis
661 3131 839 3210 materiam
865 3128 1111 3233 extemporalis
1136 3144 1341 3236 earnpoeta
1361 3132 1584 3214 describeret.
1710 3173 1711 3214 r

382 3255 491 3358 Cujus
509 3255 557 3333 rei
576 3255 699 3334 notitia
718 3267 832 3333 exstat
854 3254 890 3330 in
895 3313 1136 3334 ..........
1148 3255 1295 3360 epistola
1313 3255 1520 3360 Archangeli
1541 3258 1585 3336 de
1710 3297 1711 3318 ÷

382 3381 508 3459 Panna
525 3379 665 3458 nornine
683 3377 894 3484 publicata.»

463 3504 626 3609 Sequitur
644 3501 869 3606 longissimus
887 3501 1040 3580 elenchos
1060 3529 1203 3608 operum
1222 3531 1244 3582 a
1262 3505 1405 3585 Macedo
1424 3506 1467 3584 de
1493 3506 1585 3585 rnul-

273 3673 275 3677 ·
381 3628 609 3734 tisvariisquo
623 3625 788 3719 matonis,
799 3624 984 3719 litterariis,
996 3625 1156 3731 politicis,
1171 3628 1432 3735 philosophicis,
1444 3629 1506 3708 sed
1522 3656 1585 3735 po-

382 3755 554 3832 tissimum
573 3751 784 3854 theologicis,
800 3749 929 3852 linguis
949 3751 1068 3845 latina,
1083 3750 1280 3848 lusitanice,
1300 3753 1479 3860 hispanica
1498 3757 1584 3834 sori-

381 3874 830 3984 ptorunr.'lalen1indicem
855 3875 1077 3980 transcripsit
1098 3875 1264 3956 Nicolaus
1287 3878 1460 3959 Antonios
1481 3905 1522 3957 ex
1540 3880 1583 3958 li-

382 4003 445 4081 lsro
464 4002 518 4080 cui
538 4001 657 4079 titulus
678 3998 943 4105 ‹hlyrothcciooc
961 4000 1128 4095 Mocolc»,
1145 4002 1289 4096 Patavii,
1304 4004 1398 4108 apud
1416 4005 1583 4084 Iacobum

383 4128 426 4206 do
452 4125 647 4219 Cadorinis,
672 4123 784 4217 1675,
805 4125 841 4202 in
863 4123 929 4218 l.⁰;
951 4125 987 4204 in
1014 4126 1113 4228 cujus
1132 4127 1246 4231 operis
1270 4126 1337 4204 srno
1362 4141 1481 4206 auctor
1508 4129 1583 4233 ipse

278 4285 281 4294 ¹
381 4250 559 4345 MaceduS,
576 4249 621 4327 ud
640 4249 768 4351 ingenii
783 4249 836 4327 sui
855 4246 1102 4328 fecunditatem
1121 4251 1444 4345 cornrnendandarn,
1459 4278 1583 4357 parurn

382 4402 465 4454 sane
494 4374 658 4467 modeste,
686 4373 772 4451 haec
799 4373 954 4453 addidit:
986 4374 1168 4455 «Carmina
1197 4389 1366 4480 quanturn
1396 4377 1583 4455 recolendo

381 4500 567 4602 praeterita
586 4497 749 4602 consequi
769 4523 921 4602 possum,
939 4499 1051 4577 omnis
1071 4499 1207 4601 generis
1228 4523 1317 4602 quae
1338 4500 1471 4605 scripsi,
1491 4513 1584 4579 etex

381 4638 533 4727 ternpore
546 4622 629 4714 ludi,
644 4647 684 4700 ea
697 4621 819 4727 opinor
828 4634 966 4730 centurn
979 4637 1011 4701 et
1024 4621 1277 4727 quinquaginta
1292 4624 1464 4728 rnyriades
1478 4649 1583 4728 posse

381 4746 559 4841 conficere,
580 4747 643 4824 lroc
663 4760 714 4826 est.
732 4746 1051 4850 sosquirnillionem,
1072 4773 1265 4826 versuum.»
