3384 5370
861 449 1012 496 celsitate:

892 705 979 770 xcllt

442 970 497 1039 lllo
517 989 602 1058 rego,
625 970 729 1038 miuus
747 969 861 1038 Siculis
880 989 973 1059 quam
993 968 1121 1058 regilius
1138 990 1279 1059 uuquam

443 1095 578 1174 Sicmia,
598 1104 644 1164 est
665 1115 763 1184 regno
781 1093 891 1183 Lysiae
909 1103 1047 1183 grassata
1066 1094 1216 1183 tyrannis.
1255 1131 1257 1136 ·

442 1219 511 1288 Nori
531 1220 581 1289 ille
599 1229 635 1288 ut
654 1219 803 1300 Phalaris,
824 1219 949 1288 miseris
967 1218 1153 1288 mortalibus
1170 1226 1274 1288 almm

442 1345 604 1414 Tormenti
625 1364 723 1434 genus
741 1345 870 1424 inuexit,
890 1364 1069 1434 poenasque
1088 1343 1225 1414 novarit.

443 1469 484 1538 m
502 1490 637 1559 rognum
655 1469 769 1539 studiis
789 1489 988 1559 generosum,
1010 1467 1136 1558 altoque
1154 1467 1327 1559 superbum

442 1594 582 1683 iugenio,
602 1603 633 1662 et
652 1595 744 1662 claris
762 1605 921 1662 assuetum
939 1591 1079 1681 regibus
1099 1592 1187 1661 illum

443 1718 538 1786 Ferre
558 1718 678 1807 occurit,
699 1738 792 1808 iurem
811 1737 873 1786 non
893 1718 1009 1795 animo,
1030 1736 1092 1786 non
1113 1715 1234 1786 virilius
1252 1737 1361 1786 omues

443 1843 640 1932 Exsuperare
660 1843 743 1912 rirlel
764 1843 880 1931 regalia
897 1843 967 1932 jura
987 1849 1138 1912 tuentem.

897 2203 986 2266 XCIV

444 2466 527 2535 llaec
545 2465 603 2535 luit
621 2467 659 2534 acl
678 2475 839 2556 sceptrum
855 2465 1029 2555 justissima
1047 2483 1139 2532 causa
1159 2463 1286 2534 rocamli

444 2589 640 2680 Alphonsum
659 2589 827 2670 Comitem,
848 2611 943 2681 quem
963 2589 1044 2659 clara
1062 2589 1202 2658 Bononia
1221 2587 1340 2667 laudam

444 2713 503 2783 Hic
522 2715 621 2784 tenuit
640 2716 774 2797 clavum,
794 2715 851 2784 secl
868 2736 944 2785 mox
961 2714 1018 2784 ubi
1036 2714 1180 2793 Saucius,
1200 2713 1244 2782 oti
1344 2693 1345 2696 ¹

444 2838 570 2907 Assidui
590 2839 702 2921 cultor,
723 2839 793 2908 latis
811 2841 976 2918 concessit,
998 2839 1081 2908 avito

350 2967 354 2976 '
445 2963 519 3033 Jure
537 2964 686 3033 salutatus
704 2964 770 3034 Rex
789 2973 836 3034 ost
854 2963 1044 3054 Alplronsus,
1063 2972 1094 3033 et
1113 2973 1222 3032 auctus

445 3087 590 3156 ludomiti
610 3089 711 3169 titulo,
731 3097 762 3157 et
780 3089 846 3158 sola
864 3088 1042 3158 dominatus
1062 3089 1093 3157 in
1112 3089 1193 3168 aula,

446 3211 555 3280 Tutius
574 3222 723 3302 angustos
741 3213 847 3282 statuit
865 3211 1054 3302 protendere
1073 3212 1166 3290 smes;

445 3335 521 3402 Tam
541 3335 651 3423 prrduit
669 3347 778 3425 pectus
797 3357 984 3425 generosum
1002 3339 1111 3406 linritis
1129 3339 1217 3407 arcti.

799 3711 800 3714 Ν
903 3654 978 3761 xcr'

446 3959 721 4048 Ergo'respicieus
738 3958 888 4048 Algarbia
906 3981 1013 4050 regua,
1024 3931 1158 4052 'recepta

447 4084 581 4153 Nomine
600 4083 694 4153 dotali
713 4104 785 4153 cum
805 4085 948 4175 conjuge,
968 4096 1127 4176 comparat
1145 4088 1243 4155 armis
1332 4133 1338 4148 ·

449 4208 569 4297 Oppida
588 4209 697 4288 multa,
717 4209 778 4277 sihi
797 4230 876 4298 quae
895 4200 1044 4290 vindicam
1065 4209 1147 4301 ejicit
1165 4212 1287 4281 hostem

448 4331 579 4400 Mavorti
597 4331 744 4413 inrisum,
764 4352 916 4403 converso
934 4333 1047 4414 sidere,
1067 4335 1223 4404 Maurum.

450 4454 600 4544 Alpheum
620 4456 736 4526 virtute
751 4456 829 4547 jugo
847 4479 880 4527 se
898 4457 987 4547 Lysia
1005 4478 1136 4548 prorsus

449 4579 584 4662 Exomit,
605 4579 812 4670 dominaeque
831 4555 929 4650 instar
947 4591 1040 4672 caput
1058 4583 1161 4652 intulit
1179 4583 1284 4652 astris:

450 4702 609 4782 Contudit,
630 4699 774 4784 invictus,
794 4705 911 4775 virtute
931 4709 1087 4796 armisque
1106 4707 1235 4786 seroces,

450 4826 576 4917 Exprrlit
595 4836 624 4895 et
644 4828 768 4896 tandem
789 4831 878 4898 Lusis
896 4832 934 4900 ‹lo
953 4830 1070 4899 linibus
1088 4832 1203 4901 hostes.
