3394 5372
937 453 1093 500 tusrnnnr.
1172 513 1180 530 ι

917 744 922 753 ·
989 710 1041 772 XV

519 974 674 1044 Continuo
693 973 846 1044 Bacchus:
867 973 973 1044 itiirari
993 973 1099 1044 desine
1119 976 1224 1064 regnis

518 1098 687 1188 Excepisse
705 1099 779 1177 tuis,
799 1099 854 1180 nit,
873 1117 893 1168 ο
909 1097 1066 1188 Neptune,
1085 1098 1239 1188 Lyaeum:

517 1222 634 1314 Ecquis
652 1222 746 1302 enim,
766 1222 816 1292 rel
835 1221 934 1293 Marte
952 1231 1072 1312 petens,
1092 1222 1141 1304 rei
1162 1223 1290 1290 numine
1308 1221 1432 1312 plenus

503 1339 639 1437 'Effugit
656 1347 789 1438 injustae
808 1347 945 1417 crudelia
965 1347 1095 1416 uulnera
1114 1348 1228 1416 sortist

518 1471 600 1542 dnte
618 1481 731 1552 temen,
753 1470 958 1562 quamplura
976 1471 1098 1562 loquar,
1118 1491 1243 1562 precer,
1260 1469 1322 1541 uda
1340 1471 1490 1562 prefaurdi

517 1595 653 1666 Numina
671 1595 779 1665 adesse
795 1594 887 1684 jube:
908 1598 933 1664 si
952 1614 1083 1666 noscere
1102 1605 1215 1666 cuneta
1230 1592 1364 1687 iurabit,

480 1721 483 1728 '
517 1720 669 1790 Evolvam
687 1740 798 1790 saevae
816 1721 896 1789 rnira
915 1702 1083 1791 iniertu'nia
1102 1721 1221 1810 surtisza

519 1845 607 1929 Quae
626 1845 752 1916 laedunt
768 1855 908 1926 eunden,
929 1847 1034 1915 norint
1053 1867 1088 1914 ea
1107 1847 1235 1916 vnlnere
1254 1847 1367 1916 euneti.

983 2203 1075 2278 xri,
1132 2275 1138 2288 ,

520 2469 652 2558 Jamque
670 2488 705 2539 ea
724 2467 888 2559 Neptunus
905 2477 993 2558 putat
1012 2486 1090 2548 esse,
1111 2475 1142 2535 et
1162 2466 1255 2556 digne
1273 2465 1384 2544 relatu,

519 2593 561 2662 Et
579 2593 658 2662 mira
677 2592 805 2662 auditu:
826 2601 894 2661 tum
908 2592 1001 2683 jussit
1019 2591 1126 2661 adesse
1146 2599 1301 2686 reeatnm

519 2717 691 2796 Tritonem,
712 2717 791 2786 eieat
810 2717 865 2807 qni
883 2717 1011 2786 numina
1028 2715 1169 2796 vecibus,
1188 2715 1268 2785 udas

520 2841 607 2924 Quae
625 2841 727 2930 pelagi
746 2839 836 2909 sedes
854 2841 950 2912 latere
969 2861 1008 2910 en
1027 2849 1162 2929 utreque
1180 2839 1389 2930 frequentent.

519 2963 572 3034 lile
591 2963 718 3054 quidem
736 2963 855 3042 Triton,
875 2983 990 3052 magne
1009 2963 1063 3052 qni
1082 2963 1210 3032 numine
1229 2963 1314 3053 penti

520 3089 562 3158 Se
582 3089 721 3178 genitum
737 3089 843 3178 jactat,
864 3107 959 3178 quem
977 3088 1085 3178 puiera
1103 3087 1221 3160 Salacia
1239 3085 1397 3178 quendam

520 3211 638 3291 Edidit,
657 3232 713 3282 ere
730 3212 831 3302 niger,
853 3211 1028 3302 foedusque
1046 3220 1077 3281 et
1095 3231 1228 3303 eerpere
1245 3211 1357 3291 celsus,

520 3335 655 3407 Nuntius
673 3345 719 3406 est
737 3337 841 3426 magni
860 3335 954 3418 tides
973 3355 1148 3428 praecoque
1166 3337 1313 3427 parentis.

976 3697 1053 3786 nvn

521 3960 581 4044 Qui
600 3960 730 4030 densant
748 3957 892 4040 barbana,
913 3961 1104 4050 veniuntque
1123 3980 1139 4028 a
1159 3961 1275 4030 vertice
1293 3959 1409 4040 crines

519 4085 617 4176 inque
636 4086 749 4155 eadunt
767 4085 929 4165 humeros
949 4086 1060 4156 iirnese
1078 4104 1096 4155 e
1113 4085 1228 4156 veliere
1246 4093 1402 4167 constane

521 4211 608 4280 Foeti
626 4209 718 4279 undis
735 4208 868 4278 tundunt
887 4209 1008 4291 latices;
1031 4210 1209 4300 intuituque
1227 4218 1379 4280 monstrat

521 4333 682 4404 Caesaries
699 4353 861 4422 nunquam
878 4333 964 4403 molti
984 4353 1018 4402 se
1036 4336 1157 4424 pectine
1175 4343 1342 4423 eennptam.

520 4458 661 4527 Pendent
680 4457 827 4526 eineinnis
846 4456 1006 4548 eenehylia
1024 4460 1112 4548 nigra
1131 4458 1270 4538 retortis,

520 4583 607 4666 Quae
626 4583 734 4671 genuit
752 4582 855 4651 erines
873 4581 955 4652 inter
971 4582 1020 4652 ris
1037 4581 1166 4651 humida
1183 4583 1285 4673 ponti:

519 4707 618 4776 Instar
636 4706 740 4797 pileoli
759 4715 852 4796 eaput
870 4707 989 4797 obtegit
1007 4707 1142 4798 impiger
1160 4708 1212 4777 ille

519 4833 650 4903 Enormi
667 4840 758 4913 testa,
778 4853 839 4922 qun
857 4841 985 4902 naverat
1003 4841 1123 4902 nstaeus
1141 4834 1225 4903 oiim.
