3406 5378
878 471 1035 520 tustanus:
1154 481 1160 492 ·

914 731 1001 794 LXV

406 929 492 994 Ilulte
506 929 535 992 in
548 929 601 991 bae
614 929 725 1012 stroplre
735 929 882 1010 displicent
895 927 976 1002 mibi,
988 937 1131 1010 praeterea
1139 925 1168 989 in
1181 925 1320 989 Gedrosia
1328 923 1409 988 metri
1421 925 1493 986 ratio
1503 943 1565 986 non

355 1041 496 1092 servatur.
509 1025 583 1090 Pene
597 1039 682 1090 totam
695 1027 736 1090 sic
749 1039 840 1090 muto:

459 1209 646 1302 Complures
664 1221 773 1303 gentes
791 1210 879 1282 dives
897 1229 975 1301 quas
994 1208 1080 1280 India
1099 1207 1209 1290 nutrit,

458 1337 499 1408 Et
518 1357 596 1428 quas
614 1335 785 1417 Carmanis,
806 1357 884 1428 quas
901 1344 933 1406 et
950 1335 1103 1406 Gedrosia
1122 1333 1225 1414 tellus,

458 1460 615 1532 Viderunt
633 1461 735 1545 ambo,
755 1463 896 1534 diversas
915 1461 1058 1533 moribus
1076 1481 1195 1542 omnes,

459 1585 642 1678 Cunctaque
661 1596 725 1657 tam
744 1587 839 1658 variis
857 1587 889 1657 In
908 1587 1002 1657 terris
1021 1588 1088 1658 visa
1105 1592 1268 1656 notarunt:

459 1710 522 1782 Sed
541 1711 615 1792 illis,
636 1711 728 1782 fessis
746 1712 911 1803 leugarum
929 1731 1039 1783 errore
1058 1713 1182 1782 riarum

459 1835 574 1906 Invidit
592 1837 731 1906 reditum
749 1837 822 1907 duri
841 1836 1036 1908 lnclementia
1056 1835 1127 1906 leti:

460 1961 538 2032 Tam
557 1962 665 2054 procul
686 1984 703 2034 a
721 1963 821 2053 patrIa
840 1963 1023 2070 clepserunt
1042 1963 1160 2032 lumina
1179 1969 1293 2043 morte,

458 2087 631 2180 ignotaque
648 2088 738 2180 plaga
756 2091 873 2159 misere
887 2089 1016 2180 jacuere
1035 2088 1164 2178 sepulti.

886 2375 1024 2441 LXVIII

468 2613 524 2630 ...
546 2581 581 2633 se
599 2580 727 2632 somnus
746 2561 834 2632 lassis
853 2561 965 2632 Inludit
983 2562 1098 2632 ocellis.

407 2753 584 2816 Vocabulum
603 2753 714 2829 ocellos,
731 2754 892 2836 praesertIm
910 2753 1010 2838 plurali
1024 2773 1141 2817 numero
1155 2753 1184 2815 in
1202 2752 1313 2816 creticis
1326 2751 1507 2818 carminibus
1524 2769 1569 2818 est

355 2853 494 2935 frequens.
510 2851 565 2914 Sed
578 2852 730 2934 generatIm
745 2871 795 2934 pro
809 2852 897 2917 oeulis
910 2853 1078 2936 quandoque
1092 2863 1254 2934 usurpetur.
1272 2849 1393 2914 ronse
1407 2851 1569 2916 bouchem

354 2951 431 3032 fieus
444 2949 534 3013 ocellis
548 2949 646 3015 cecinit
659 2949 829 3034 Propertius.

886 3242 1025 3308 LXXIII

460 3425 525 3498 Nos
543 3428 662 3519 gemini
682 3427 771 3520 queis
790 3426 870 3497 lama
890 3427 974 3498 dedit
994 3425 1139 3498 sublimia
1158 3427 1270 3519 pennIs

461 3550 555 3623 Astra
574 3553 673 3645 sequi,
695 3573 754 3623 nec
771 3573 866 3623 nosse
882 3552 1005 3644 jugum,
1027 3563 1059 3623 te
1078 3573 1154 3624 voce
1172 3571 1339 3624 monemus

408 3745 493 3828 sequi·
506 3755 586 3809 astra
597 3747 697 3828 peonis
711 3745 774 3830 quis
788 3746 910 3828 probct‘l
924 3747 1018 3809 Muto:

460 3927 576 4012 dmbo,
598 3950 677 4022 quos
695 3928 832 4000 celebrat
852 3938 1009 4000 terrarum
1027 3929 1109 4000 lama
1127 3949 1185 4020 per
1203 3927 1326 4013 orbem,

460 4055 537 4138 Noe,
556 4076 717 4148 nunquam
736 4055 846 4126 domiti
864 4075 1006 4147 prorsus
1027 4065 1058 4125 te
1077 4065 1185 4147 sponte
1205 4075 1383 4128 monemus

461 4233 584 4306 Tollere
604 4233 681 4304 colla
705 4285 761 4302 ...

409 4441 450 4506 Ilo
464 4443 597 4506 latinitate
611 4443 757 4508 locutionis
773 4441 908 4517 dubitari,
924 4443 972 4507 sed
984 4443 1114 4508 Macedns
1128 4443 1283 4508 delenditur
1298 4448 1471 4515 austeritate
1485 4451 1572 4517 Clau·

355 4539 429 4604 dlani
446 4542 605 4606 scribentis:

462 4724 569 4796 Rebus
586 4725 720 4795 nimium
739 4724 859 4796 sublate
878 4725 1022 4796 secundIs

462 4847 550 4920 Colla
570 4851 662 4941 gerit.
