3384 5372
941 477 1095 522 statuuat.

997 733 1034 793 tx

523 994 679 1065 l'enillnm
698 1013 781 1062 nune
800 1013 893 1062 cerne
914 992 1008 1073 aliud,
1029 995 1208 1082 pictamque
1229 1001 1317 1062 tuere

522 1120 678 1190 Lusorum
697 1139 808 1210 regum
827 1121 969 1209 stirpem,
989 1137 1202 1207 magnumque
1220 1128 1397 1208 parentem:

523 1243 664 1316 Dicimus
681 1243 851 1332 hungarico
870 1263 965 1332 quem
983 1263 1040 1310 nos
1057 1241 1097 1309 de
1115 1242 1219 1330 stipite
1238 1250 1360 1320 natum,

393 1429 401 1442 ,
523 1368 668 1438 Attamen
686 1368 804 1436 externi
824 1366 999 1455 lotharingo
1017 1386 1034 1434 e
1053 1367 1202 1454 sanguine
1222 1364 1357 1432 tradunt.

522 1494 583 1573 En,
603 1496 686 1562 acies
703 1503 868 1582 postquam
887 1512 1012 1562 mauras
1029 1499 1239 1580 prostraverat
1258 1491 1364 1569 armis,

524 1619 611 1702 Quos
629 1617 751 1706 equites
769 1617 876 1706 legin,
896 1636 976 1706 quos
993 1627 1024 1684 et
1042 1615 1195 1686 Gallaecia
1215 1616 1319 1694 mittit,

525 1742 559 1810 ln
578 1763 664 1812 saara
681 1741 836 1810 Henricns
854 1741 1055 1828 Solpmorum
1074 1741 1199 1809 moenia
1216 1739 1326 1817 tendit,

526 1865 594 1955 lpse
615 1865 680 1934 Deo
698 1875 799 1934 sarret
818 1875 853 1933 ut
871 1865 975 1933 lusum
995 1863 1165 1954 primordia
1184 1883 1305 1950 regum.

1008 2221 1033 2283 X

527 2485 647 2576 Ecquis
664 2495 695 2554 at
712 2485 877 2554 attonitum
895 2487 948 2575 qui
967 2504 1018 2552 me
1037 2485 1118 2572 rapit
1136 2483 1210 2552 ille?
1228 2481 1375 2573 (requirit

427 2603 430 2609 ’
528 2608 695 2678 Admirans
712 2607 862 2698 malabar)
879 2628 990 2698 precor
1006 2607 1091 2677 huno
1109 2607 1148 2676 da
1165 2627 1305 2676 noscere.
1324 2607 1455 2690 Quantas

529 2731 584 2801 llle
601 2733 696 2811 acina,
715 2741 909 2822 quantosque
926 2733 1030 2800 virum
1048 2731 1132 2800 ierus
1149 2731 1201 2800 ille
1219 2731 1398 2820 phalanges,

529 2855 605 2924 Tam
624 2875 722 2944 parto
740 2855 859 2924 socium
878 2855 1092 2924 circumdatus
1110 2855 1244 2944 agmine,
1264 2853 1387 2924 tmditt

530 2979 613 3062 Quot
631 2979 755 3047 llauros
772 2980 883 3058 caedit,
904 2987 979 3067 quot
998 2979 1230 3068 propugnacula
1248 2977 1390 3067 rumpit?
1516 2993 1520 3000 ’

530 3101 625 3185 Quot,
644 3122 803 3192 nunquam
820 3100 933 3180 lessus,
953 3110 1082 3170 renovat
1099 3102 1165 3170 tera
1182 3102 1297 3190 praelia
1315 3102 1444 3191 oampn‘?

531 3227 613 3311 Quot
631 3225 728 3296 daras
746 3227 840 3295 variis
857 3226 888 3294 in
907 3225 1048 3315 partibus
1066 3225 1117 3296 illo
1137 3246 1276 3305 coronas,

531 3351 614 3433 Quot
632 3351 763 3440 pedihus
783 3351 891 3420 vexilla
910 3353 976 3421 suis
993 3349 1116 3420 hostilia
1134 3351 1252 3420 ealoat‘l

1005 3709 1042 3770 xt

533 3972 591 4041 llio
609 3980 657 4042 est
674 3971 784 4064 (Gama
802 3970 910 4063 refert)
923 3970 1101 4062 Alphonsus
1118 3972 1242 4042 nomine
1260 3975 1392 4064 primus,

533 4098 603 4182 Quo
621 4095 700 4165 duce
717 4095 854 4185 depulsis
871 4095 989 4165 exultat
1007 4096 1098 4186 Lysia
1116 4097 1242 4177 Mauris,

533 4221 580 4291 De
599 4240 662 4310 quo
679 4239 737 4309 per
754 4219 894 4309 Stygiam
909 4219 1026 4309 iuravit
1045 4220 1125 4289 lama
1143 4220 1290 4311 paludem

532 4345 709 4414 Romanum
727 4342 871 4433 deinceps
890 4365 923 4414 se
941 4345 1062 4415 nullum
1081 4345 1232 4416 extollere
1249 4345 1345 4416 velle:

533 4466 676 4539 Numinis
693 4466 742 4534 hio
760 4466 870 4546 cultor,
891 4467 976 4537 Deus
994 4469 1077 4538 huno
1095 4470 1241 4559 dignatur
1258 4489 1379 4552 amare3

534 4593 586 4662 Sin
605 4591 676 4659 lacit
693 4597 727 4658 ut
745 4588 858 4659 lortom
876 4609 1023 4661 maurum
1041 4591 1147 4662 domet
1165 4593 1300 4684 impiger
1317 4593 1448 4666 hostem.

534 4717 575 4786 Et
593 4713 750 4803 praecelsa
768 4713 816 4783 sui
834 4713 887 4783 dat
905 4715 1038 4786 condere
1056 4719 1179 4787 moenia
1197 4719 1297 4809 regni,

535 4840 579 4910 Ut
596 4855 687 4905 nemo
701 4835 767 4923 jam
785 4839 883 4926 possit
901 4839 1051 4910 celebrari
1070 4840 1220 4911 illustrior
1238 4843 1301 4911 illo.
