3394 5372
579 455 667 500 mnnn
687 455 817 510 Quintus

653 715 740 777 xnrn

204 975 260 1044 His
278 976 376 1046 oeulis
395 974 469 1056 vidi,
488 975 538 1044 bis
559 974 658 1044 oeulis
678 977 839 1066 ignescere
857 978 965 1047 vinum

203 1099 333 1180 Lumen,
353 1102 439 1190 quod
459 1108 603 1170 sanetum
623 1121 701 1190 gens
719 1103 842 1171 nautica
861 1102 986 1172 nomina
1006 1103 1092 1182 dicit,

203 1225 309 1308 Quum
327 1223 391 1294 iera
410 1234 582 1316 tempestas
601 1225 781 1307 baechatur,
802 1235 833 1294 et
851 1235 976 1316 asperat
994 1227 1094 1296 undas

203 1351 320 1430 Eurus,
339 1358 370 1419 et
384 1350 536 1420 addensat
555 1349 711 1430 tenebras,
730 1349 917 1441 nimbosque
937 1351 1067 1420 reducit.

204 1475 268 1544 Neu
287 1475 392 1544 minus
411 1475 549 1544 attunitis
563 1475 634 1543 visu
653 1474 796 1544 mirabile
815 1483 1014 1544 monstrum·

204 1599 349 1668 Occurrit
366 1599 457 1670 nobis
476 1598 526 1668 bis
545 1599 655 1669 undis:
676 1599 836 1668 eernimns
856 1601 916 1690 ipsi

204 1724 251 1794 be
271 1744 369 1814 super
388 1723 547 1814 pelagum,
567 1723 696 1814 lengum
713 1726 866 1814 preducta
886 1725 993 1795 canali.

204 1847 243 1917 Et
262 1848 395 1938 sorbere
414 1849 512 1918 maris
530 1846 696 1939 pendentia
715 1849 821 1919 nubila
841 1849 967 1918 fluetus.

671 2209 734 2270 XIX

206 2471 302 2540 b'isus
322 2471 352 2538 in
372 2469 432 2538 alta
452 2457 527 2538 mibi
546 2469 617 2560 (nec
633 2479 700 2540 tnnr
720 2491 788 2540 mea
808 2471 924 2540 lumina
944 2480 1084 2540 mentem

205 2594 368 2664 Deiusisse
387 2595 486 2684 puto),
501 2595 652 2685 paulatim
669 2614 842 2684 exsurgere
862 2596 979 2664 celsam

207 2719 239 2787 ln
257 2718 376 2789 nubem
395 2721 527 2808 exiguus
546 2741 653 2810 vapor,
673 2729 704 2788 et
719 2719 843 2788 subtilis
862 2720 893 2788 in
912 2739 1022 2788 auram

207 2845 336 2914 Fumus
357 2854 387 2913 et
406 2844 438 2912 in
457 2864 581 2934 gyrum,
601 2852 767 2914 ventorum
785 2844 919 2924 flamine,
939 2843 1032 2912 volvi.

207 2967 330 3037 Deduei
348 2968 386 3036 ad
407 2988 521 3057 supera
540 2968 613 3038 hine
628 2967 694 3059 jam
712 2967 815 3038 fistula
833 2969 910 3049 visa,
931 2967 1031 3037 canali

207 3092 376 3172 Assimilis,
394 3093 561 3182 tenuisque
580 3095 669 3174 adeo,
689 3102 724 3164 ut
743 3093 924 3162 discernere
943 3101 1074 3182 possent
1186 3117 1193 3132 ‘

206 3216 319 3285 Intenti
339 3216 390 3284 vix
409 3216 494 3285 iilam
513 3217 595 3287 oculi
613 3217 730 3307 finique
748 3225 889 3300 tuentes;

209 3341 337 3410 Materia
356 3341 449 3411 nubis
468 3341 632 3438 formatam
652 3343 732 3411 ferte
750 3351 890 3432 putares.

674 3701 728 3761 XX

212 3964 361 4032 Paulatim
376 3983 551 4052 augescens
569 3983 626 4053 per
644 3963 748 4033 nubila
768 3963 904 4032 crassior
923 3961 996 4040 ibat,

210 4087 411 4178 ingentisque
430 4087 529 4156 instar
548 4087 712 4156 erescebat
730 4086 855 4176 turgida
874 4084 957 4166 mali,

210 4211 335 4281 Partem
356 4220 499 4300 angusta.
519 4211 635 4281 iterum
654 4220 777 4301 partem
794 4210 906 4290 lanata,
927 4209 1103 4278 secundum

210 4337 298 4420 Ques
316 4335 395 4405 bibit
414 4357 431 4405 e
450 4337 563 4426 pelage
583 4335 743 4404 sitibundo
763 4343 889 4424 gutture
909 4333 1041 4403 fluetus:

209 4459 302 4528 Minta
322 4461 417 4528 undis
437 4460 545 4535 inerat,
566 4469 718 4550 motuque
738 4457 877 4530 undabat
895 4461 1019 4530 eodem.

212 4585 353 4673 Desuper
372 4584 521 4654 haerebat
540 4586 671 4654 densato
689 4603 823 4673 purpure
841 4583 956 4663 nubes,

210 4708 315 4776 Latiras
335 4708 499 4778 effundens
519 4727 600 4787 sese,
621 4708 809 4797 graviorque
828 4715 957 4797 recepte
1069 4707 1073 4720 ’

210 4831 375 4902 Undarum
395 4832 532 4912 enmute.
553 4851 632 4921 quas
654 4841 741 4900 vaste
760 4831 980 4922 absumpserat
1000 4831 1125 4900 banstu.
