3384 5372
939 439 1093 488 tt'slnnar.

978 697 1054 760 XLV

524 961 644 1029 Interea
663 958 728 1031 lalsi
748 967 843 1039 rates,
865 960 1011 1047 caecique
1030 957 1171 1044 magistri

523 1085 625 1175 Legis,
646 1103 727 1174 quae
746 1085 841 1156 vastis
858 1084 919 1153 illis
938 1083 1117 1152 dominatur
1135 1083 1165 1151 in
1184 1083 1258 1162 oris,

523 1209 647 1298 Quique
664 1208 767 1278 futura
786 1206 885 1277 solent
903 1207 1005 1276 stultis
1023 1206 1205 1296 praedicere
1224 1205 1336 1286 turbis,

522 1333 629 1425 (Ludit
647 1354 700 1404 eos
718 1333 862 1413 daemon,
884 1332 987 1402 stolidi
1006 1331 1158 1402 luduntur
1175 1332 1214 1403 ah
1232 1331 1307 1422 illis)

524 1457 657 1548 lmperio
675 1457 759 1546 regis
776 1455 835 1526 sihi
854 1475 984 1525 munera
1003 1464 1075 1524 nota
1094 1463 1266 1545 capessunt,

522 1582 740 1671 Exercentque
758 1589 868 1660 artem,
889 1580 1048 1658 festinant,
1067 1580 1171 1649 omnia
1189 1589 1321 1649 tentant:

524 1706 590 1776 Hoc
609 1705 709 1775 sedet:
730 1705 882 1774 adventus
900 1713 1046 1774 externae
1066 1703 1223 1794 inquirere
1242 1723 1350 1772 causas

524 1831 642 1909 Gentis,
663 1832 701 1898 ab
720 1830 823 1916 ignota
844 1830 1011 1920 Hesperiae
1031 1849 1109 1918 quae
1127 1836 1253 1898 venerat
1271 1847 1335 1897 ora.

973 2189 1060 2251 llhlll

523 2450 640 2520 Edocet
658 2450 740 2521 haud
759 2450 842 2519 salsis
860 2450 917 2519 hos
934 2451 1066 2520 daemon
1084 2447 1211 2519 horrida
1230 2450 1336 2539 signis,

522 2575 651 2666 Magnas
667 2573 811 2665 portendi
829 2574 944 2655 clades,
965 2583 995 2644 et
1013 2574 1112 2642 vincla
1130 2593 1240 2663 parare
1294 2651 1295 2654 Ἴ

522 2697 607 2768 ludis
625 2697 767 2768 infestam
784 2706 914 2768 ventura
933 2699 963 2766 in
983 2698 1104 2767 saecula
1124 2706 1260 2787 gentem,

522 2823 615 2894 Unde
634 2821 713 2892 loret
731 2822 848 2912 populo
866 2823 1008 2901 exitium,
1028 2820 1174 2912 tabesque
1192 2821 1323 2890 lunesta.

522 2945 681 3016 Attonitus
698 2947 858 3026 monstris,
878 2945 1043 3015 lormidine
1061 2947 1198 3026 territus
1218 2964 1319 3034 augur

522 3070 640 3160 Regem
657 3070 732 3150 adit,
752 3078 783 3139 et
800 3073 914 3139 mentis
932 3091 1013 3160 quae
1031 3071 1071 3139 sit
1089 3072 1240 3139 sententia
1258 3071 1390 3158 promit;

522 3194 671 3284 Explicat,
691 3193 858 3264 horribiles
876 3215 965 3284 quoe,
986 3203 1057 3264 enta
1075 3194 1195 3264 occulta
1214 3193 1342 3283 legendo

522 3317 689 3388 Sacrorum
706 3319 873 3408 pecudum,
895 3318 1071 3388 didicenmt
1087 3317 1215 3399 lumina,
1234 3338 1332 3388 casus.
1441 3367 1448 3380 .

964 3677 1063 3738 XLl'll

520 3937 606 4008 'lunc
624 3939 719 4007 etiam
737 3937 865 4028 quidam
882 3939 1029 4029 longaeva
1047 3947 1145 4008 aetate
1163 3939 1315 4020 sacerdos,

518 4063 696 4134 Mahomam
715 4085 825 4154 magna
844 4065 898 4155 qui
918 4065 1079 4155 relligione
1098 4065 1230 4147 colehat,

519 4188 559 4257 El
577 4198 698 4258 veteres
716 4188 778 4257 odii
798 4189 942 4258 servabat
962 4199 1087 4278 pectore
1106 4190 1246 4259 llammas

519 4313 633 4383 Contra
650 4314 851 4394 christicolas,
871 4311 986 4383 Christi
1005 4315 1170 4404 legemque
1188 4315 1366 4394 verendam,

518 4437 615 4507 Nocte
634 4439 829 4528 intempesta,
852 4437 918 4507 lalsi
937 4438 996 4509 suh
1015 4440 1150 4530 imagine
1169 4441 1247 4509 valis

519 4561 675 4649 Sanguine
693 4563 846 4652 progeniti
866 4563 985 4652 captiva
1004 4583 1042 4633 er
1056 4565 1161 4654 Agere
1178 4564 1255 4644 nati,

519 4683 654 4752 invisum
672 4685 762 4754 Lusis
780 4706 838 4775 per
857 4688 975 4756 somnia
993 4687 1241 4769 vidit-laechum,

482 4863 485 4871 i
518 4807 620 4890 Quem
638 4809 816 4878 stimulabat
834 4811 933 4880 adhuc
951 4832 1111 4903 nunquam
1128 4813 1246 4902 placata
1264 4812 1409 4881 simultas.
