3406 5378
494 423 641 474 noronte
658 424 691 474 m
709 425 824 474 rnenuu
842 423 990 480 ouanruu
1277 399 1349 472 455

708 682 775 746 XCI

247 869 371 940 Siccine
389 868 437 938 ris
455 875 564 958 pereat
582 865 710 938 thalami
725 865 865 956 jucunda
883 864 1038 956 voluptas,

236 995 289 1064 -Et
305 995 385 1067 velis
403 995 546 1066 immixta
565 992 660 1074 volet,
680 991 818 1063 ludibria
836 993 947 1064 vento?

192 1157 392 1223 Praetulerim:

247 1315 368 1386 Siccine
387 1314 433 1386 vis
451 1322 586 1418 pereant,
600 1313 728 1384 thalami
746 1322 793 1385 tot
811 1313 925 1406 gaudia
945 1314 1056 1397 nostri,

248 1441 336 1525 Quae
355 1439 433 1516 velis
453 1439 596 1509 immixta
615 1439 732 1522 volent,
752 1439 906 1510 ludrihria
923 1437 1049 1510 scotist

193 1604 258 1678 Sed,
271 1606 312 1669 sic
326 1607 420 1682 etiam,
436 1625 498 1668 meo
513 1574 629 1688 quidem¹
638 1605 752 1687 judicio,
764 1625 819 1669 non
833 1605 904 1670 bene
918 1605 1018 1689 gaudia
1033 1605 1159 1669 immixta
1172 1604 1240 1668 velis
1250 1603 1344 1670 volare

128 1705 281 1770 dicuntur.

695 1883 778 1948 XCII

244 2066 301 2138 Vis
319 2067 463 2140 nimbum
482 2067 642 2149 assimilat,
662 2088 815 2139 numeros
835 2069 1003 2160 respondet
1022 2070 1136 2142 arenis.

189 2233 280 2298 Nimis
294 2234 471 2319 hyperbolice
480 2255 532 2298 nec
546 2235 612 2298 satis
627 2236 781 2320 perspicue.
799 2237 951 2301 Fatendum
966 2250 1057 2302 tamcn
1066 2249 1108 2301 est
1124 2236 1305 2321 hyperbolem
1315 2235 1344 2300 iu

129 2335 287 2418 archetypo
300 2334 430 2397 inveniri.
446 2335 507 2416 Ego
521 2335 687 2398 scriberem:

243 2491 363 2584 Totque
382 2491 483 2564 lluunt
502 2491 658 2583 lacrymae
677 2501 754 2585 quot
773 2495 898 2564 suntin
918 2495 1024 2564 littore
1044 2513 1169 2567 arenae.

688 2736 787 2801 xcvi

242 2919 408 2992 Probrosis
427 2941 508 3012 quae
528 2921 622 3012 digna
641 2923 722 2991 notis
741 2922 864 2994 servilis
881 2921 1016 2992 honoras

241 3045 413 3129 Laudibus
435 3053 467 3118 et
487 3045 605 3118 celebri
625 3046 725 3118 lamae
744 3055 775 3118 te
794 3047 920 3118 nomine
932 3047 1046 3139 jactas;

188 3211 329 3280 Nonnulla
342 3225 435 3276 muto:

239 3365 405 3441 Prohrosis
424 3391 505 3462 quae
524 3372 619 3462 digna
637 3372 730 3452 notis,
752 3371 857 3442 inllata
876 3371 1019 3463 superbis

239 3493 407 3570 Laudibus
426 3494 606 3576 immeritis,
627 3504 659 3566 te
678 3495 754 3566 laiso
772 3499 898 3567 nomine
913 3496 1010 3588 jactas
1016 3522 1025 3581 3

246 4225 669 4246 ..................
696 4174 853 4246 inausum.

175 4339 207 4402 ln
216 4339 260 4402 his
269 4340 359 4403 tribus
368 4341 494 4404 versibus
504 4340 628 4424 aliquam
639 4341 876 4424 perturbationem
886 4353 913 4404 et
923 4340 1118 4406 obscuritatem
1130 4341 1214 4406 lector
1229 4343 1343 4410 forsitan

137 4438 269 4501 inveniet.
281 4439 341 4521 Ego
351 4439 380 4501 in
388 4439 497 4523 septimi
508 4441 634 4523 strophes
641 4459 738 4503 versus
751 4440 842 4530 locum
857 4439 1053 4504 substituerem
1067 4453 1245 4524 sequentem:

246 4597 395 4690 Unquam
414 4600 582 4691 progenies
600 4599 735 4670 humana
755 4599 883 4691 reliquit
901 4601 1055 4670 inausum.
