<?xml version="1.0" encoding="UTF-8"?>
<!DOCTYPE html PUBLIC "-//W3C//DTD XHTML 1.0 Transitional//EN"
    "http://www.w3.org/TR/xhtml1/DTD/xhtml1-transitional.dtd">
<html xmlns="http://www.w3.org/1999/xhtml" xml:lang="en" lang="en">
 <head>
  <title>
</title>
<meta http-equiv="Content-Type" content="text/html;charset=utf-8" />
  <meta name='ocr-system' content='tesseract 3.04.00' />
  <meta name='ocr-capabilities' content='ocr_page ocr_carea ocr_par ocr_line ocrx_word'/>
</head>
<body>
  <div class='ocr_page' id='page_1' title='image "./alusiadadeluizd00deslgoog_0313.png"; bbox 0 0 3384 5372; ppageno 0'>
   <div class='ocr_carea' id='block_1_1' title="bbox 934 426 1088 474">
    <p class='ocr_par' dir='ltr' id='par_1_1' title="bbox 934 426 1088 474">
     <span class='ocr_line' id='line_1_1' title="bbox 934 426 1088 474; baseline 0 0"><span class='ocrx_word' id='word_1_1' title='bbox 934 426 1088 474; x_wconf 75' lang='lat' dir='ltr'>tdstnnau</span> 
     </span>
    </p>
   </div>
   <div class='ocr_carea' id='block_1_2' title="bbox 949 684 1065 748">
    <p class='ocr_par' dir='ltr' id='par_1_2' title="bbox 949 684 1065 748">
     <span class='ocr_line' id='line_1_2' title="bbox 949 684 1065 748; baseline 0.017 -2"><span class='ocrx_word' id='word_1_2' title='bbox 949 684 1065 748; x_wconf 88' lang='lat' dir='ltr'>LXXXl</span> 
     </span>
    </p>
   </div>
   <div class='ocr_carea' id='block_1_3' title="bbox 514 945 1459 1907">
    <p class='ocr_par' dir='ltr' id='par_1_3' title="bbox 514 945 1444 1164">
     <span class='ocr_line' id='line_1_3' title="bbox 515 945 1444 1036; baseline -0.002 -18"><span class='ocrx_word' id='word_1_3' title='bbox 515 947 582 1018; x_wconf 89' lang='lat' dir='ltr'>Nec</span> <span class='ocrx_word' id='word_1_4' title='bbox 600 947 684 1026; x_wconf 90' lang='lat' dir='ltr'>satis,</span> <span class='ocrx_word' id='word_1_5' title='bbox 705 968 724 1016; x_wconf 93' lang='lat'>0</span> <span class='ocrx_word' id='word_1_6' title='bbox 743 945 915 1036; x_wconf 80' lang='lat' dir='ltr'>Nymphae,</span> <span class='ocrx_word' id='word_1_7' title='bbox 937 967 1026 1017; x_wconf 89' lang='lat' dir='ltr'>meus</span> <span class='ocrx_word' id='word_1_8' title='bbox 1045 947 1135 1036; x_wconf 80' lang='lat' dir='ltr'>ignis,</span> <span class='ocrx_word' id='word_1_9' title='bbox 1154 955 1190 1016; x_wconf 92' lang='lat' dir='ltr'>ut</span> <span class='ocrx_word' id='word_1_10' title='bbox 1208 955 1275 1016; x_wconf 87' lang='lat' dir='ltr'>atra</span> <span class='ocrx_word' id='word_1_11' title='bbox 1293 947 1444 1016; x_wconf 88' lang='lat' dir='ltr'>malcmm</span> 
     </span>
     <span class='ocr_line' id='line_1_4' title="bbox 514 1071 1337 1164; baseline -0.002 -22"><span class='ocrx_word' id='word_1_12' title='bbox 514 1073 565 1142; x_wconf 89' lang='lat' dir='ltr'>Me</span> <span class='ocrx_word' id='word_1_13' title='bbox 585 1072 632 1140; x_wconf 89' lang='lat' dir='ltr'>vis</span> <span class='ocrx_word' id='word_1_14' title='bbox 649 1071 808 1152; x_wconf 85' lang='grc'>1111111111,</span> <span class='ocrx_word' id='word_1_15' title='bbox 828 1080 995 1152; x_wconf 90' lang='lat' dir='ltr'>moestum,</span> <span class='ocrx_word' id='word_1_16' title='bbox 1016 1081 1162 1162; x_wconf 90' lang='lat' dir='ltr'>terraque</span> <span class='ocrx_word' id='word_1_17' title='bbox 1179 1073 1322 1164; x_wconf 85' lang='lat' dir='ltr'>marique</span> <span class='ocrx_word' id='word_1_18' title='bbox 1329 1094 1337 1154; x_wconf 93' lang='lat'>;</span> 
     </span>
    </p>

    <p class='ocr_par' dir='ltr' id='par_1_4' title="bbox 515 1195 1339 1286">
     <span class='ocr_line' id='line_1_5' title="bbox 515 1195 1339 1286; baseline 0.001 -22"><span class='ocrx_word' id='word_1_19' title='bbox 515 1196 598 1280; x_wconf 93' lang='lat' dir='ltr'>Quin</span> <span class='ocrx_word' id='word_1_20' title='bbox 617 1197 704 1286; x_wconf 92' lang='lat' dir='ltr'>ipsis,</span> <span class='ocrx_word' id='word_1_21' title='bbox 724 1216 860 1285; x_wconf 84' lang='lat' dir='ltr'>quonum</span> <span class='ocrx_word' id='word_1_22' title='bbox 878 1195 1063 1266; x_wconf 88' lang='lat' dir='ltr'>modulabar</span> <span class='ocrx_word' id='word_1_23' title='bbox 1081 1195 1220 1265; x_wconf 79' lang='lat' dir='ltr'><strong>carmine</strong></span> <span class='ocrx_word' id='word_1_24' title='bbox 1239 1205 1339 1286; x_wconf 84' lang='lat' dir='ltr'>gesta,</span> 
     </span>
    </p>

    <p class='ocr_par' dir='ltr' id='par_1_5' title="bbox 515 1317 1459 1535">
     <span class='ocr_line' id='line_1_6' title="bbox 515 1317 1459 1410; baseline -0.006 -20"><span class='ocrx_word' id='word_1_25' title='bbox 515 1321 576 1390; x_wconf 90' lang='lat' dir='ltr'>Prc</span> <span class='ocrx_word' id='word_1_26' title='bbox 594 1321 705 1390; x_wconf 86' lang='lat' dir='ltr'>merita</span> <span class='ocrx_word' id='word_1_27' title='bbox 723 1320 800 1390; x_wconf 84' lang='lat' dir='ltr'>lraec</span> <span class='ocrx_word' id='word_1_28' title='bbox 817 1319 935 1410; x_wconf 80' lang='lat' dir='ltr'>placuit</span> <span class='ocrx_word' id='word_1_29' title='bbox 952 1320 1029 1389; x_wconf 88' lang='lat' dir='ltr'>milri</span> <span class='ocrx_word' id='word_1_30' title='bbox 1048 1322 1188 1410; x_wconf 89' lang='lat' dir='ltr'>praemia</span> <span class='ocrx_word' id='word_1_31' title='bbox 1205 1319 1342 1391; x_wconf 80' lang='lat' dir='ltr'>reddere</span> <span class='ocrx_word' id='word_1_32' title='bbox 1361 1317 1459 1389; x_wconf 88' lang='lat' dir='ltr'>laude!</span> 
     </span>
     <span class='ocr_line' id='line_1_7' title="bbox 515 1444 1287 1535; baseline -0.001 -21"><span class='ocrx_word' id='word_1_33' title='bbox 515 1447 576 1515; x_wconf 89' lang='lat' dir='ltr'>Pro</span> <span class='ocrx_word' id='word_1_34' title='bbox 593 1445 680 1516; x_wconf 86' lang='lat' dir='ltr'>melli</span> <span class='ocrx_word' id='word_1_35' title='bbox 699 1447 821 1535; x_wconf 88' lang='lat' dir='ltr'>requie,</span> <span class='ocrx_word' id='word_1_36' title='bbox 841 1453 872 1514; x_wconf 97' lang='grc'>11</span> <span class='ocrx_word' id='word_1_37' title='bbox 890 1444 969 1515; x_wconf 90' lang='lat' dir='ltr'>lauri</span> <span class='ocrx_word' id='word_1_38' title='bbox 988 1444 1142 1514; x_wconf 87' lang='lat' dir='ltr'>viridante</span> <span class='ocrx_word' id='word_1_39' title='bbox 1161 1450 1287 1526; x_wconf 82' lang='lat' dir='ltr'>corona,</span> 
     </span>
    </p>

    <p class='ocr_par' dir='ltr' id='par_1_6' title="bbox 515 1568 1270 1658">
     <span class='ocr_line' id='line_1_8' title="bbox 515 1568 1270 1658; baseline 0 -20"><span class='ocrx_word' id='word_1_40' title='bbox 515 1571 602 1654; x_wconf 83' lang='lat' dir='ltr'>Quae</span> <span class='ocrx_word' id='word_1_41' title='bbox 621 1568 698 1639; x_wconf 84' lang='lat' dir='ltr'>milri</span> <span class='ocrx_word' id='word_1_42' title='bbox 713 1568 785 1658; x_wconf 74' lang='lat' dir='ltr'>inre</span> <span class='ocrx_word' id='word_1_43' title='bbox 804 1589 875 1638; x_wconf 89' lang='grc'>1111</span> <span class='ocrx_word' id='word_1_44' title='bbox 893 1577 980 1638; x_wconf 90' lang='lat' dir='ltr'>certe</span> <span class='ocrx_word' id='word_1_45' title='bbox 999 1588 1128 1658; x_wconf 88' lang='lat' dir='ltr'>sperare</span> <span class='ocrx_word' id='word_1_46' title='bbox 1145 1568 1270 1649; x_wconf 77' lang='lat' dir='ltr'>licebat,</span> 
     </span>
    </p>

    <p class='ocr_par' dir='ltr' id='par_1_7' title="bbox 515 1691 1196 1774">
     <span class='ocr_line' id='line_1_9' title="bbox 515 1691 1196 1774; baseline 0 -12"><span class='ocrx_word' id='word_1_47' title='bbox 515 1694 663 1763; x_wconf 87' lang='grc'>1111111111</span> <span class='ocrx_word' id='word_1_48' title='bbox 682 1713 788 1773; x_wconf 80' lang='lat' dir='ltr'>nevos,</span> <span class='ocrx_word' id='word_1_49' title='bbox 809 1693 906 1762; x_wconf 82' lang='lat' dir='ltr'>invisat</span> <span class='ocrx_word' id='word_1_50' title='bbox 924 1701 1039 1774; x_wconf 89' lang='lat' dir='ltr'>mente,</span> <span class='ocrx_word' id='word_1_51' title='bbox 1062 1691 1196 1773; x_wconf 81' lang='lat' dir='ltr'>labores,</span> 
     </span>
    </p>

    <p class='ocr_par' dir='ltr' id='par_1_8' title="bbox 515 1815 1376 1907">
     <span class='ocr_line' id='line_1_10' title="bbox 515 1815 1376 1907; baseline -0.002 -21"><span class='ocrx_word' id='word_1_52' title='bbox 515 1817 612 1901; x_wconf 88' lang='lat' dir='ltr'>Queis</span> <span class='ocrx_word' id='word_1_53' title='bbox 630 1837 680 1887; x_wconf 92' lang='lat' dir='ltr'>me</span> <span class='ocrx_word' id='word_1_54' title='bbox 699 1819 902 1907; x_wconf 89' lang='lat' dir='ltr'>praecipitem</span> <span class='ocrx_word' id='word_1_55' title='bbox 920 1837 989 1887; x_wconf 89' lang='lat' dir='ltr'>mea</span> <span class='ocrx_word' id='word_1_56' title='bbox 1008 1817 1109 1886; x_wconf 91' lang='lat' dir='ltr'>tristia</span> <span class='ocrx_word' id='word_1_57' title='bbox 1128 1815 1188 1887; x_wconf 88' lang='lat' dir='ltr'>lata</span> <span class='ocrx_word' id='word_1_58' title='bbox 1205 1816 1376 1901; x_wconf 74' lang='lat' dir='ltr'>dederrmt!</span> 
     </span>
    </p>
   </div>
   <div class='ocr_carea' id='block_1_4' title="bbox 944 2174 1072 2236">
    <p class='ocr_par' dir='ltr' id='par_1_9' title="bbox 944 2174 1072 2236">
     <span class='ocr_line' id='line_1_11' title="bbox 944 2174 1072 2236; baseline 0 0"><span class='ocrx_word' id='word_1_59' title='bbox 944 2174 1072 2236; x_wconf 85' lang='lat' dir='ltr'>LXXXII</span> 
     </span>
    </p>
   </div>
   <div class='ocr_carea' id='block_1_5' title="bbox 514 2435 1487 3400">
    <p class='ocr_par' dir='ltr' id='par_1_10' title="bbox 514 2435 1426 2652">
     <span class='ocr_line' id='line_1_12' title="bbox 514 2435 1426 2528; baseline -0.002 -20"><span class='ocrx_word' id='word_1_60' title='bbox 514 2437 605 2508; x_wconf 90' lang='lat' dir='ltr'>Nunc</span> <span class='ocrx_word' id='word_1_61' title='bbox 621 2437 766 2528; x_wconf 76' lang='lat' dir='ltr'>lagides,</span> <span class='ocrx_word' id='word_1_62' title='bbox 786 2457 867 2528; x_wconf 85' lang='lat' dir='ltr'>quae</span> <span class='ocrx_word' id='word_1_63' title='bbox 884 2445 988 2506; x_wconf 87' lang='lat' dir='ltr'>vester</span> <span class='ocrx_word' id='word_1_64' title='bbox 1007 2436 1061 2506; x_wconf 92' lang='lat' dir='ltr'>alit</span> <span class='ocrx_word' id='word_1_65' title='bbox 1080 2435 1184 2526; x_wconf 82' lang='lat' dir='ltr'>Tagus</span> <span class='ocrx_word' id='word_1_66' title='bbox 1201 2435 1316 2506; x_wconf 77' lang='lat' dir='ltr'>aurifer</span> <span class='ocrx_word' id='word_1_67' title='bbox 1333 2435 1426 2506; x_wconf 90' lang='lat' dir='ltr'>undis</span> 
     </span>
     <span class='ocr_line' id='line_1_13' title="bbox 515 2559 1294 2652; baseline 0.001 -21"><span class='ocrx_word' id='word_1_68' title='bbox 515 2562 640 2652; x_wconf 79' lang='lat' dir='ltr'>Ingenia</span> <span class='ocrx_word' id='word_1_69' title='bbox 658 2563 804 2642; x_wconf 89' lang='lat' dir='ltr'>hereum,</span> <span class='ocrx_word' id='word_1_70' title='bbox 825 2581 905 2652; x_wconf 88' lang='lat' dir='ltr'>quae</span> <span class='ocrx_word' id='word_1_71' title='bbox 922 2562 1033 2631; x_wconf 94' lang='lat' dir='ltr'>martia</span> <span class='ocrx_word' id='word_1_72' title='bbox 1053 2559 1160 2640; x_wconf 87' lang='lat' dir='ltr'>corda,</span> <span class='ocrx_word' id='word_1_73' title='bbox 1179 2560 1294 2642; x_wconf 89' lang='lat' dir='ltr'>videte,</span> 
     </span>
    </p>

    <p class='ocr_par' dir='ltr' id='par_1_11' title="bbox 515 2685 1247 2778">
     <span class='ocr_line' id='line_1_14' title="bbox 515 2685 1247 2778; baseline -0.004 -22"><span class='ocrx_word' id='word_1_74' title='bbox 515 2686 599 2756; x_wconf 91' lang='lat' dir='ltr'>Talia</span> <span class='ocrx_word' id='word_1_75' title='bbox 617 2687 670 2778; x_wconf 89' lang='lat' dir='ltr'>qui</span> <span class='ocrx_word' id='word_1_76' title='bbox 689 2694 805 2756; x_wconf 89' lang='lat' dir='ltr'>norunt</span> <span class='ocrx_word' id='word_1_77' title='bbox 825 2685 997 2756; x_wconf 82' lang='lat' dir='ltr'>concedere</span> <span class='ocrx_word' id='word_1_78' title='bbox 1015 2685 1155 2776; x_wconf 89' lang='lat' dir='ltr'>praemia</span> <span class='ocrx_word' id='word_1_79' title='bbox 1172 2685 1247 2765; x_wconf 84' lang='lat' dir='ltr'>vati,</span> 
     </span>
    </p>

    <p class='ocr_par' dir='ltr' id='par_1_12' title="bbox 515 2807 1487 3149">
     <span class='ocr_line' id='line_1_15' title="bbox 515 2807 1487 2899; baseline -0.006 -18"><span class='ocrx_word' id='word_1_80' title='bbox 515 2811 616 2895; x_wconf 87' lang='lat' dir='ltr'>Quem</span> <span class='ocrx_word' id='word_1_81' title='bbox 635 2810 797 2880; x_wconf 88' lang='lat' dir='ltr'>celebrare</span> <span class='ocrx_word' id='word_1_82' title='bbox 813 2811 921 2881; x_wconf 85' lang='lat' dir='ltr'>vident</span> <span class='ocrx_word' id='word_1_83' title='bbox 937 2810 1047 2880; x_wconf 79' lang='lat' dir='ltr'>inustis</span> <span class='ocrx_word' id='word_1_84' title='bbox 1064 2830 1121 2879; x_wconf 89' lang='lat' dir='ltr'>sua</span> <span class='ocrx_word' id='word_1_85' title='bbox 1140 2820 1226 2899; x_wconf 87' lang='lat' dir='ltr'>gesta</span> <span class='ocrx_word' id='word_1_86' title='bbox 1243 2807 1422 2880; x_wconf 87' lang='lat' dir='ltr'>Camcenis!</span> <span class='ocrx_word' id='word_1_87' title='bbox 1484 2833 1487 2839; x_wconf 94' lang='lat'>·</span> 
     </span>
     <span class='ocr_line' id='line_1_16' title="bbox 516 2933 1438 3026; baseline -0.003 -22"><span class='ocrx_word' id='word_1_88' title='bbox 516 2935 601 3018; x_wconf 89' lang='lat' dir='ltr'>Quae</span> <span class='ocrx_word' id='word_1_89' title='bbox 619 2933 748 3004; x_wconf 91' lang='lat' dir='ltr'>demum</span> <span class='ocrx_word' id='word_1_90' title='bbox 765 2935 923 3005; x_wconf 80' lang='lat' dir='ltr'>historicis</span> <span class='ocrx_word' id='word_1_91' title='bbox 939 2934 1095 3026; x_wconf 88' lang='lat' dir='ltr'>praebent</span> <span class='ocrx_word' id='word_1_92' title='bbox 1112 2933 1298 3006; x_wconf 88' lang='lat' dir='ltr'>documenta</span> <span class='ocrx_word' id='word_1_93' title='bbox 1316 2934 1438 3013; x_wconf 75' lang='lat' dir='ltr'>luituris,</span> 
     </span>
     <span class='ocr_line' id='line_1_17' title="bbox 515 3057 1278 3149; baseline -0.004 -20"><span class='ocrx_word' id='word_1_94' title='bbox 515 3057 559 3129; x_wconf 92' lang='lat' dir='ltr'>Ut</span> <span class='ocrx_word' id='word_1_95' title='bbox 577 3059 661 3128; x_wconf 87' lang='lat' dir='ltr'>vires</span> <span class='ocrx_word' id='word_1_96' title='bbox 679 3067 791 3129; x_wconf 90' lang='lat' dir='ltr'>acuant</span> <span class='ocrx_word' id='word_1_97' title='bbox 808 3059 933 3139; x_wconf 91' lang='lat' dir='ltr'>mentis,</span> <span class='ocrx_word' id='word_1_98' title='bbox 952 3059 1110 3149; x_wconf 83' lang='lat' dir='ltr'>vivaxque</span> <span class='ocrx_word' id='word_1_99' title='bbox 1128 3058 1278 3128; x_wconf 86' lang='lat' dir='ltr'>lacessant</span> 
     </span>
    </p>

    <p class='ocr_par' dir='ltr' id='par_1_13' title="bbox 515 3183 1270 3276">
     <span class='ocr_line' id='line_1_18' title="bbox 515 3183 1270 3276; baseline 0.003 -24"><span class='ocrx_word' id='word_1_100' title='bbox 515 3183 690 3273; x_wconf 85' lang='lat' dir='ltr'>lngenimn,</span> <span class='ocrx_word' id='word_1_101' title='bbox 711 3184 797 3254; x_wconf 86' lang='lat' dir='ltr'>nullo</span> <span class='ocrx_word' id='word_1_102' title='bbox 814 3195 944 3276; x_wconf 88' lang='lat' dir='ltr'>pereant</span> <span class='ocrx_word' id='word_1_103' title='bbox 961 3205 1001 3256; x_wconf 91' lang='lat' dir='ltr'>ne</span> <span class='ocrx_word' id='word_1_104' title='bbox 1019 3195 1162 3276; x_wconf 89' lang='lat' dir='ltr'>tempore</span> <span class='ocrx_word' id='word_1_105' title='bbox 1179 3183 1270 3264; x_wconf 91' lang='lat' dir='ltr'>lacta,</span> 
     </span>
    </p>

    <p class='ocr_par' dir='ltr' id='par_1_14' title="bbox 516 3308 1468 3400">
     <span class='ocr_line' id='line_1_19' title="bbox 516 3308 1468 3400; baseline -0.001 -23"><span class='ocrx_word' id='word_1_106' title='bbox 516 3308 602 3393; x_wconf 85' lang='lat' dir='ltr'>Quae</span> <span class='ocrx_word' id='word_1_107' title='bbox 620 3308 718 3378; x_wconf 90' lang='lat' dir='ltr'>decus</span> <span class='ocrx_word' id='word_1_108' title='bbox 737 3318 912 3391; x_wconf 88' lang='lat' dir='ltr'>aeternum,</span> <span class='ocrx_word' id='word_1_109' title='bbox 933 3319 963 3379; x_wconf 91' lang='grc'>11</span> <span class='ocrx_word' id='word_1_110' title='bbox 981 3309 1095 3379; x_wconf 92' lang='lat' dir='ltr'>lamam</span> <span class='ocrx_word' id='word_1_111' title='bbox 1114 3309 1273 3400; x_wconf 86' lang='lat' dir='ltr'>praeclara</span> <span class='ocrx_word' id='word_1_112' title='bbox 1291 3309 1468 3379; x_wconf 84' lang='lat' dir='ltr'>merentur!</span> 
     </span>
    </p>
   </div>
   <div class='ocr_carea' id='block_1_6' title="bbox 938 3667 1080 3730">
    <p class='ocr_par' dir='ltr' id='par_1_15' title="bbox 938 3667 1080 3730">
     <span class='ocr_line' id='line_1_20' title="bbox 938 3667 1080 3730; baseline -0.014 0"><span class='ocrx_word' id='word_1_113' title='bbox 938 3667 1080 3730; x_wconf 90' lang='lat' dir='ltr'>LXXXlll</span> 
     </span>
    </p>
   </div>
   <div class='ocr_carea' id='block_1_7' title="bbox 513 3925 1366 4893">
    <p class='ocr_par' dir='ltr' id='par_1_16' title="bbox 515 3925 1186 4020">
     <span class='ocr_line' id='line_1_21' title="bbox 515 3925 1186 4020; baseline 0.001 -21"><span class='ocrx_word' id='word_1_114' title='bbox 515 3930 638 4000; x_wconf 87' lang='lat' dir='ltr'>lnlelin!</span> <span class='ocrx_word' id='word_1_115' title='bbox 659 3930 775 4000; x_wconf 88' lang='lat' dir='ltr'>Saltem</span> <span class='ocrx_word' id='word_1_116' title='bbox 793 3947 833 4000; x_wconf 85' lang='lat' dir='ltr'>ne</span> <span class='ocrx_word' id='word_1_117' title='bbox 850 3925 1054 4020; x_wconf 82' lang='lat' dir='ltr'>vestri&#39;signa</span> <span class='ocrx_word' id='word_1_118' title='bbox 1072 3930 1186 4000; x_wconf 84' lang='lat' dir='ltr'>laveris</span> 
     </span>
    </p>

    <p class='ocr_par' dir='ltr' id='par_1_17' title="bbox 514 4056 1366 4520">
     <span class='ocr_line' id='line_1_22' title="bbox 515 4056 1280 4155; baseline -0.003 -29"><span class='ocrx_word' id='word_1_119' title='bbox 515 4056 558 4126; x_wconf 89' lang='lat' dir='ltr'>Mi</span> <span class='ocrx_word' id='word_1_120' title='bbox 576 4056 687 4147; x_wconf 86' lang='lat' dir='ltr'>desint,</span> <span class='ocrx_word' id='word_1_121' title='bbox 707 4056 814 4127; x_wconf 90' lang='lat' dir='ltr'>laudes</span> <span class='ocrx_word' id='word_1_122' title='bbox 831 4056 950 4146; x_wconf 89' lang='lat' dir='ltr'>patriae</span> <span class='ocrx_word' id='word_1_123' title='bbox 968 4056 1131 4155; x_wconf 77' lang='lat' dir='ltr'>fastusque</span> <span class='ocrx_word' id='word_1_124' title='bbox 1146 4056 1280 4126; x_wconf 89' lang='lat' dir='ltr'>canenti!</span> 
     </span>
     <span class='ocr_line' id='line_1_23' title="bbox 515 4179 1333 4272; baseline 0.001 -23"><span class='ocrx_word' id='word_1_125' title='bbox 515 4180 702 4249; x_wconf 87' lang='lat' dir='ltr'>Praesertim</span> <span class='ocrx_word' id='word_1_126' title='bbox 721 4201 821 4271; x_wconf 87' lang='lat' dir='ltr'>quum</span> <span class='ocrx_word' id='word_1_127' title='bbox 839 4179 918 4250; x_wconf 89' lang='lat' dir='ltr'>lacta</span> <span class='ocrx_word' id='word_1_128' title='bbox 936 4201 1024 4250; x_wconf 90' lang='lat' dir='ltr'>meae</span> <span class='ocrx_word' id='word_1_129' title='bbox 1043 4180 1213 4250; x_wconf 90' lang='lat' dir='ltr'>clarissima</span> <span class='ocrx_word' id='word_1_130' title='bbox 1232 4181 1333 4272; x_wconf 81' lang='lat' dir='ltr'>gentis</span> 
     </span>
     <span class='ocr_line' id='line_1_24' title="bbox 515 4303 1366 4396; baseline 0.002 -24"><span class='ocrx_word' id='word_1_131' title='bbox 515 4303 595 4374; x_wconf 89' lang='lat' dir='ltr'>Sunt</span> <span class='ocrx_word' id='word_1_132' title='bbox 612 4313 714 4374; x_wconf 90' lang='lat' dir='ltr'>vestra</span> <span class='ocrx_word' id='word_1_133' title='bbox 732 4304 919 4374; x_wconf 84' lang='lat' dir='ltr'>modulanda</span> <span class='ocrx_word' id='word_1_134' title='bbox 936 4306 1012 4396; x_wconf 80' lang='lat' dir='ltr'>lyra,</span> <span class='ocrx_word' id='word_1_135' title='bbox 1032 4304 1241 4396; x_wconf 90' lang='lat' dir='ltr'>variandaque</span> <span class='ocrx_word' id='word_1_136' title='bbox 1260 4324 1366 4376; x_wconf 89' lang='lat' dir='ltr'>versu.</span> 
     </span>
     <span class='ocr_line' id='line_1_25' title="bbox 514 4428 1194 4520; baseline 0.001 -22"><span class='ocrx_word' id='word_1_137' title='bbox 514 4428 658 4519; x_wconf 77' lang='lat' dir='ltr'>Aspirate</span> <span class='ocrx_word' id='word_1_138' title='bbox 675 4429 764 4510; x_wconf 91' lang='lat' dir='ltr'>mihi,</span> <span class='ocrx_word' id='word_1_139' title='bbox 784 4429 839 4519; x_wconf 90' lang='lat' dir='ltr'>qui</span> <span class='ocrx_word' id='word_1_140' title='bbox 857 4449 926 4499; x_wconf 93' lang='lat' dir='ltr'>sum</span> <span class='ocrx_word' id='word_1_141' title='bbox 942 4429 1049 4518; x_wconf 87' lang='lat' dir='ltr'>jurare</span> <span class='ocrx_word' id='word_1_142' title='bbox 1067 4438 1194 4520; x_wconf 88' lang='lat' dir='ltr'>paratus</span> 
     </span>
    </p>

    <p class='ocr_par' dir='ltr' id='par_1_18' title="bbox 513 4553 1288 4769">
     <span class='ocr_line' id='line_1_26' title="bbox 513 4553 1288 4646; baseline -0.001 -21"><span class='ocrx_word' id='word_1_143' title='bbox 513 4554 564 4625; x_wconf 86' lang='lat' dir='ltr'>lle</span> <span class='ocrx_word' id='word_1_144' title='bbox 581 4553 665 4646; x_wconf 87' lang='lat' dir='ltr'>nolle</span> <span class='ocrx_word' id='word_1_145' title='bbox 683 4554 819 4645; x_wconf 84' lang='lat' dir='ltr'>indignis</span> <span class='ocrx_word' id='word_1_146' title='bbox 836 4575 977 4645; x_wconf 89' lang='lat' dir='ltr'>unquam</span> <span class='ocrx_word' id='word_1_147' title='bbox 994 4555 1151 4646; x_wconf 86' lang='lat' dir='ltr'>vulgoque</span> <span class='ocrx_word' id='word_1_148' title='bbox 1170 4555 1288 4636; x_wconf 89' lang='lat' dir='ltr'>lavere,</span> 
     </span>
     <span class='ocr_line' id='line_1_27' title="bbox 513 4676 1287 4769; baseline 0.004 -23"><span class='ocrx_word' id='word_1_149' title='bbox 513 4676 680 4767; x_wconf 90' lang='lat' dir='ltr'>Nunquam</span> <span class='ocrx_word' id='word_1_150' title='bbox 699 4678 843 4768; x_wconf 90' lang='lat' dir='ltr'>palpandi</span> <span class='ocrx_word' id='word_1_151' title='bbox 863 4677 965 4747; x_wconf 87' lang='lat' dir='ltr'>studio</span> <span class='ocrx_word' id='word_1_152' title='bbox 983 4677 1112 4748; x_wconf 91' lang='lat' dir='ltr'>laudare</span> <span class='ocrx_word' id='word_1_153' title='bbox 1129 4687 1287 4769; x_wconf 89' lang='lat' dir='ltr'>potentes;</span> 
     </span>
    </p>

    <p class='ocr_par' dir='ltr' id='par_1_19' title="bbox 515 4799 1328 4893">
     <span class='ocr_line' id='line_1_28' title="bbox 515 4799 1328 4893; baseline 0.001 -23"><span class='ocrx_word' id='word_1_154' title='bbox 515 4799 570 4870; x_wconf 91' lang='lat' dir='ltr'>Sin</span> <span class='ocrx_word' id='word_1_155' title='bbox 589 4802 691 4882; x_wconf 89' lang='lat' dir='ltr'>aliter,</span> <span class='ocrx_word' id='word_1_156' title='bbox 712 4803 829 4872; x_wconf 85' lang='lat' dir='ltr'>selvam</span> <span class='ocrx_word' id='word_1_157' title='bbox 847 4803 960 4893; x_wconf 81' lang='lat' dir='ltr'>ingrati</span> <span class='ocrx_word' id='word_1_158' title='bbox 979 4824 1037 4893; x_wconf 87' lang='lat' dir='ltr'>pre</span> <span class='ocrx_word' id='word_1_159' title='bbox 1056 4804 1185 4874; x_wconf 90' lang='lat' dir='ltr'>crimine</span> <span class='ocrx_word' id='word_1_160' title='bbox 1203 4823 1328 4893; x_wconf 86' lang='lat' dir='ltr'>poenas.</span> 
     </span>
    </p>
   </div>
   <div class='ocr_carea' id='block_1_8' title="bbox 0 0 1697 5372">
    <p class='ocr_par' dir='ltr' id='par_1_20' title="bbox 0 0 1697 5372">
     <span class='ocr_line' id='line_1_29' title="bbox 0 0 1697 5372; baseline 0 0"><span class='ocrx_word' id='word_1_161' title='bbox 0 0 1697 5372; x_wconf 95' lang='lat' dir='ltr'> </span> 
     </span>
    </p>
   </div>
  </div>
 </body>
</html>
