3384 5372
575 519 664 568 einen
683 519 784 566 NONUS

624 776 738 839 xuvm

184 1039 313 1110 Viribus
331 1038 496 1108 intendens
513 1058 594 1129 puer
612 1039 661 1109 bic
679 1039 921 1110 vehementibus
940 1059 1059 1122 areum,

184 1163 371 1244 Indomitus,
391 1163 483 1232 lunae
500 1162 564 1233 duo
581 1182 700 1234 cornua
714 1163 820 1255 J'ungit
837 1162 989 1245 ebumae,
1089 1215 1092 1222 ·

185 1286 304 1376 Tethye
320 1305 435 1377 nempe
452 1287 540 1377 cupit
557 1287 645 1358 111111
662 1287 762 1379 magis
780 1286 927 1358 omnibus
942 1307 1040 1358 unam

186 1412 368 1494 Percutere,
387 1412 464 1484 haec
482 1412 599 1483 etenim
616 1413 717 1504 magis
734 1412 882 1484 omnibus
899 1433 963 1483 una
981 1413 1108 1485 resistit.

149 1527 153 1534 ’
186 1538 257 1607 lam
276 1541 374 1608 111111
391 1536 529 1608 restabat
546 1537 631 1608 nulla
648 1539 760 1630 sagitta
777 1539 935 1629 pharetrd¹

186 1664 298 1753 Neque
316 1662 379 1732 ulla
398 1662 523 1734 Oceano
541 1672 686 1753 superest
703 1665 772 1735 sine
788 1664 919 1736 vulnere
935 1663 1095 1756 Nympha;
1141 1737 1147 1749 ‚

187 1787 228 1858 Et
245 1787 354 1878 siquae
372 1791 508 1859 retinent
525 1789 622 1860 etiem
639 1797 710 1880 post
727 1788 857 1858 vulnera
875 1789 985 1872 vitam

187 1912 254 1982 Huc
272 1912 345 1994 erit,
364 1919 401 1983 ut
418 1921 559 1996 noscant,
579 1911 713 1984 subeant
731 1933 795 2004 quo
812 1913 944 1984 vulnere
961 1921 1109 1985 mortem.

637 2270 728 2333 XLlX

187 2535 278 2605 Nunc
295 2536 414 2626 aperite
433 2534 531 2614 sinus,
551 2523 636 2604 lreta'
647 2543 746 2615 vasta,
765 2543 797 2604 et
815 2534 938 2604 caerula
956 2533 1071 2603 lluctne

188 2659 339 2730 Dividite:
361 2679 435 2730 1111
448 2658 556 2730 Venus
571 2658 661 2728 vobis
678 2658 896 2741 medicamina,
916 2657 1090 2750 Nymphae,

187 2783 309 2866 Adlert,
330 2793 362 2855 et
379 2791 531 2854 monstrat
545 2783 611 2875 jem
629 2782 761 2854 candida
777 2783 847 2853 vela
866 2803 923 2874 per
940 2763 1053 2864 undas,

187 2908 275 2980 lullat
294 2927 374 2999 quae
392 2916 523 2988 ventus,
536 2907 613 2977 llatu
631 2906 826 2997 impellitque
843 2906 993 2977 secunde.

53 3089 61 3094 .
187 3032 277 3104 Nune
293 3041 330 3102 ut
347 3031 489 3101 femineis
507 3031 694 3122 respondeat
713 3030 840 3122 ignibus
857 3031 949 3122 ignis,

188 3157 295 3252 thue
314 3157 374 3226 viri
392 3156 487 3226 simili
505 3157 626 3247 possint
643 3157 809 3227 ardescere
827 3156 965 3237 llamma,

187 3282 245 3351 Est
263 3301 343 3371 opus
364 3289 398 3350 ut
417 3280 520 3371 pudor
539 3280 674 3361 illarum,
694 3281 864 3352 certamine
883 3280 997 3362 inille,

188 3405 299 3476 Pareat
316 3405 450 3496 imperio
462 3404 606 3485 Veneris
625 3405 827 3496 munitusque
844 3413 1007 3496 sequatur.

672 3765 695 3824 L

188 4030 359 4100 Nereidum
374 4027 438 4118 jam
456 4027 588 4118 pulchra
606 4027 719 4096 cohors
734 4025 872 4115 jucunda
890 4026 1019 4116 parabat

188 4156 320 4226 Praelia:
341 4153 516 4244 precedunt
530 4151 676 4242 junctim,
696 4159 728 4220 et
746 4150 877 4240 vestigia
894 4151 1024 4221 lleclunt

188 4281 258 4365 Qud
271 4279 378 4350 Venus
395 4277 513 4358 invitat,
536 4279 598 4366 qud
616 4273 765 4364 panditur
784 4273 885 4342 insula
903 4282 1010 4364 ponte,

187 4404 299 4483 Lessis‚
320 4410 391 4492 post
409 4409 512 4470 tantos
531 4419 631 4479 casus,
652 4399 834 4468 dulcissima
853 4400 966 4468 nautis.

187 4527 345 4620 Nymphas
363 4526 436 4595 diva
454 4525 543 4595 doles
562 4525 668 4594 decuit
687 4525 777 4615 queis
795 4521 905 4592 callida
922 4542 1014 4614 saepe

188 4653 253 4725 Usa
271 4652 339 4732 luit,
361 4652 485 4741 quoties
503 4648 601 4718 voluit
620 4648 829 4718 succumbere
847 4649 964 4717 umori:

189 4777 337 4848 Nereides
355 4775 484 4856 dociles
504 4771 653 4863 dulcique
671 4772 817 4863 cupidine
834 4780 954 4862 captae,

84 4963 86 4971 ,
190 4902 301 4984 Omnia
319 4901 516 4992 promittunt,
535 4899 648 4970 Veneri
668 4906 842 4989 parentque
858 4896 1005 4969 libenter.
