3384 5372
602 473 691 520 trullo
710 473 850 522 octavus

700 731 751 792 Lx

231 991 315 1062 Haec
333 992 467 1082 agitans,
487 991 626 1080 primum
644 1000 754 1062 cantus
772 993 840 1062 vult
859 995 940 1063 scire
958 1014 1089 1064 suorum

230 1116 393 1198 Quaenam
410 1134 500 1184 mens
517 1122 615 1184 esset:
636 1135 710 1186 sane
729 1115 854 1185 diversa
873 1119 991 1187 notavit

230 1237 377 1319 Consilia,
397 1247 429 1309 et
446 1259 578 1330 prorsus
595 1240 732 1330 propriis
750 1241 921 1310 contraria:
942 1261 1034 1332 saepe

229 1361 309 1432 Auri
326 1382 415 1432 sacra
434 1362 532 1432 lemos
549 1363 727 1453 primorum
744 1363 839 1434 corda
858 1365 1015 1434 movebat.

229 1485 361 1555 Accitur
378 1485 469 1576 lusus
487 1485 612 1556 ductor.
631 1486 699 1556 Rex
717 1487 852 1578 impiger
870 1486 961 1557 illum

229 1608 377 1678 Protinus
394 1609 579 1700 alloquitur:
599 1609 688 1690 Mihi,
709 1609 784 1690 dux,
805 1611 831 1680 si
848 1632 924 1680 vera
943 1611 1032 1680 lateri

228 1731 346 1822 Sponte
362 1733 440 1803 velis
458 1732 648 1824 culpamque
665 1741 764 1815 tuom,
784 1755 823 1805 ne
842 1735 917 1804 cerlo
935 1735 1051 1818 timori,

229 1855 406 1927 Concedam
423 1859 559 1939 veniam,
579 1859 727 1938 clemens,
743 1861 873 1951 irasque
891 1862 1059 1930 remittam.

691 2211 754 2280 llll

227 2479 314 2564 Quae
331 2478 476 2548 mandata
494 2479 541 2548 tui
559 2478 665 2548 delers
683 2478 761 2547 mihi
779 2479 906 2548 nomine
924 2481 1021 2569 regis,

227 2603 340 2673 Omnia
356 2603 429 2672 licta
447 2605 528 2685 scio;
548 2623 660 2672 causae
677 2603 860 2692 fraudisque
878 2611 1056 2693 patescunt:

226 2728 319 2798 Nullo
337 2736 371 2798 tu
391 2730 488 2818 regis,
507 2729 668 2820 patriaeve
685 2729 803 2798 teneris
821 2747 938 2809 amore,

225 2853 290 2924 Nec
307 2853 366 2922 tibi
384 2863 470 2924 certa
487 2854 612 2934 domus,
632 2855 820 2945 peregrinus
837 2855 869 2922 in
887 2853 965 2923 orbe
983 2855 1122 2944 vagaris:

225 2978 346 3068 Ecquis
364 2979 448 3048 enim
466 2999 590 3069 regum,
610 2998 821 3069 procerumve
840 2997 858 3048 e
876 2978 982 3048 littore
999 2978 1091 3067 longe

225 3104 372 3174 Semotae
390 3104 573 3194 Hesperiae,
592 3104 664 3174 latis
681 3104 743 3173 huc
761 3112 848 3173 aetus
864 3103 993 3192 iniquis,

224 3227 385 3299 Classibus
402 3229 574 3308 instructis,
594 3227 725 3298 collecto
743 3228 855 3308 milite,
874 3234 973 3297 tentet

224 3353 427 3444 Incertasque
445 3354 524 3435 vias
543 3355 738 3445 pelagusque
755 3374 863 3426 secare
880 3355 1062 3425 remotum?

683 3711 758 3774 Lllll

225 3975 317 4062 Quod
335 3975 361 4044 si
379 3995 478 4066 regna
496 3982 571 4044 tuus
588 3974 735 4064 princeps
754 3981 818 4042 tam
836 3993 949 4063 magna
967 3975 1133 4064 gubernat,

224 4101 320 4170 Tanta
339 4100 365 4170 si
384 4099 487 4168 celsus
505 4119 560 4169 111
577 4097 741 4187 majestate
758 4095 903 4186 refulget,

224 4225 311 4309 Quae
327 4223 465 4314 pretiosa
483 4222 572 4304 milri,
592 4222 726 4312 legatus
745 4241 876 4290 munera
893 4221 1037 4311 praebes,

223 4348 310 4433 Quae
328 4347 404 4416 fidei
421 4345 585 4416 manifesta
604 4355 676 4417 tuae
695 4347 756 4416 sint
774 4347 862 4437 signe
879 4347 1027 4416 latentis?

222 4473 346 4562 Regum
362 4472 468 4563 justus
486 4490 577 4541 amor
595 4491 796 4561 magnorum,
816 4479 848 4540 et
866 4469 992 4540 loedera
1010 4473 1096 4562 pacis

222 4599 404 4687 Jungrmtur
422 4598 557 4685 magnis,
578 4616 661 4687 quae
679 4595 794 4665 dantur
811 4597 956 4686 pignora,
976 4595 1083 4666 donis:

222 4723 347 4792 Scilicet
364 4720 442 4790 haec
460 4719 534 4790 srdei
553 4729 627 4791 sunt
646 4721 747 4810 signa,
766 4730 798 4790 et
815 4720 958 4811 pignoris
975 4721 1040 4811 apti

222 4847 349 4918 Pondus
365 4846 526 4930 habebunt
543 4845 640 4916 verba
658 4847 729 4937 vagi
746 4847 906 4917 volitantia
923 4849 1057 4917 nautae‘l
