3384 5370
842 485 844 489 ·
911 464 1064 510 cussanus:

946 719 1029 782 ext!

491 986 593 1070 Quam
612 985 698 1054 laoile
718 993 876 1082 expugnet
895 985 1045 1055 Mavortia
1064 995 1189 1075 pectora
1208 977 1297 1055 diro'

491 1111 565 1200 lgna
584 1131 672 1180 sacer
690 1131 857 1180 succensus
876 1131 975 1190 arnor,
997 1131 1091 1202 quarn
1110 1132 1203 1181 caera
1221 1111 1327 1183 libido.

491 1237 587 1306 Filius
605 1236 772 1306 Alcmenes
790 1236 911 1316 doceat,
933 1257 1032 1328 quum
1050 1237 1164 1306 exarsit
1183 1257 1301 1307 amoro.

489 1359 592 1449 Lydae
612 1370 642 1429 et
662 1360 818 1431 formosae
838 1359 972 1430 confecit
991 1380 1088 1450 pensa
1106 1361 1239 1450 puellae.

491 1483 545 1553 llle
564 1487 675 1575 ingens
693 1484 785 1564 lama,
805 1484 958 1573 fortisque
975 1483 1131 1554 Antonius
1150 1485 1256 1564 armis,

490 1609 621 1679 Delituit
639 1609 725 1700 turpi
744 1607 928 1698 Cleopatrae
948 1606 1095 1698 ignobilis
1114 1610 1193 1696 igne.

490 1735 556 1804 Nec
575 1743 620 1812 tn,
640 1753 740 1824 poene
757 1732 862 1823 hujus,
883 1733 947 1803 dux
966 1733 1112 1812 maxime,
1134 1733 1272 1803 criminis
1291 1752 1413 1821 expers,

405 1863 408 1870 '
491 1859 616 1947 Appula
635 1877 733 1946 quum
751 1857 819 1925 vilis
837 1857 1007 1936 domuitte
1026 1855 1138 1925 lernina
1158 1874 1274 1925 amore.

938 2215 1035 2278 CXLll
1068 2279 1070 2286 ,

491 2479 608 2569 Ecquis
628 2480 688 2549 1111
707 2489 822 2560 tamen,
845 2480 971 2550 insidias
990 2481 1044 2570 qui
1063 2479 1172 2548 evadat
1190 2477 1325 2548 Amoris.

491 2604 667 2697 Eludatque
686 2614 774 2676 tener
793 2626 873 2696 quae
891 2606 994 2676 mollia
1012 2605 1135 2674 vincula
1153 2604 1262 2684 tendit,
1292 2629 1299 2638 ·

489 2729 670 2821 Purpureas
687 2731 831 2820 interque
849 2750 954 2820 genas,
976 2731 1148 2821 frontisque
1165 2730 1275 2799 nivalis

490 2852 632 2935 Delicias,
654 2853 768 2924 candor
786 2874 860 2923 cum
878 2874 946 2923 sese
966 2854 1171 2924 alabastrinus
1189 2875 1267 2923 auro

490 2977 637 3047 Miscuit?
654 2979 773 3068 Ecquis
791 2979 863 3058 erit,
884 2998 973 3048 rarae
993 2979 1046 3068 qui
1065 2979 1195 3048 vulnera
1213 2978 1331 3047 iormae

490 3100 596 3170 Fortia
614 3101 748 3171 declinet
764 3102 881 3188 uultus,
902 3103 968 3192 qui,
988 3122 1076 3172 more
1094 3101 1255 3180 Medusae,

490 3223 646 3295 Attonitos
665 3229 782 3296 animos
800 3227 912 3316 pulsat,
933 3247 996 3295 non
1013 3247 1108 3296 saxea
1126 3225 1231 3295 reddit

370 3323 379 3332 ”
492 3347 594 3418 Corda
612 3359 725 3430 tamen,
744 3355 817 3421 vivo
835 3353 890 3422 sed
909 3372 1002 3421 cerea
1021 3350 1123 3420 reddit
1140 3352 1179 3421 ab
1198 3352 1284 3441 igni‘l

931 3711 1039 3774 cxtlll

491 3977 607 4067 Ecquis
625 3977 656 4044 in
676 3975 804 4045 ardores
822 3974 996 4055 oculorum,
1019 3982 1048 4042 et
1067 3973 1168 4044 dulcia
1189 3973 1298 4044 irontis

492 4101 628 4192 Spicula,
648 4107 680 4170 et
697 4099 834 4168 aetherei
854 4099 1025 4168 certissima
1044 4100 1130 4189 signa
1150 4097 1284 4179 decoris,

491 4228 579 4311 Quae
598 4226 732 4316 rapiunt,
753 4226 936 4314 vinctosque
954 4232 1061 4294 tenent
1079 4223 1242 4294 dulcedine
1261 4243 1382 4302 sensus,

491 4350 611 4430 Incidit,
632 4359 663 4419 11
680 4350 781 4439 potuit
799 4357 937 4420 secretae
956 4347 1110 4418 obsistere
1129 4349 1296 4418 ssammael

492 4473 693 4543 Fornandurn
711 4481 848 4553 excuset,
869 4471 1023 4562 culpaque
1041 4471 1179 4542 absolvat
1197 4472 1236 4543 ab
1255 4474 1351 4552 omni,

493 4598 555 4681 Qui
572 4597 654 4676 norit
672 4597 823 4677 flammas,
843 4597 970 4687 vimque
989 4597 1168 4686 experiatur
1189 4597 1319 4667 amoris:

493 4721 592 4791 lmmo
610 4720 641 4790 in
657 4722 767 4810 judicii
784 4721 886 4790 valeat
904 4723 930 4790 si
949 4720 1098 4811 pondere,
1120 4721 1230 4812 culpae

493 4847 659 4938 lingueret,
680 4853 764 4916 tanto
783 4846 807 4916 si
826 4865 888 4915 non
907 4846 1032 4917 arsisset
1050 4865 1167 4916 amore.

856 5056 873 5100 F
875 5056 928 5102 111111
941 5057 1014 5102 LlBlll
1029 5059 1119 5103 ’11111111
