<?xml version="1.0" encoding="UTF-8"?>
<!DOCTYPE html PUBLIC "-//W3C//DTD XHTML 1.0 Transitional//EN"
    "http://www.w3.org/TR/xhtml1/DTD/xhtml1-transitional.dtd">
<html xmlns="http://www.w3.org/1999/xhtml" xml:lang="en" lang="en">
 <head>
  <title>
</title>
<meta http-equiv="Content-Type" content="text/html;charset=utf-8" />
  <meta name='ocr-system' content='tesseract 3.04.00' />
  <meta name='ocr-capabilities' content='ocr_page ocr_carea ocr_par ocr_line ocrx_word'/>
</head>
<body>
  <div class='ocr_page' id='page_1' title='image "./alusiadadeluizd00deslgoog_0099.png"; bbox 0 0 3440 5392; ppageno 0'>
   <div class='ocr_carea' id='block_1_1' title="bbox 952 427 1106 474">
    <p class='ocr_par' dir='ltr' id='par_1_1' title="bbox 952 427 1106 474">
     <span class='ocr_line' id='line_1_1' title="bbox 952 427 1106 474; baseline 0.013 -2"><span class='ocrx_word' id='word_1_1' title='bbox 952 427 1106 474; x_wconf 55' lang='lat' dir='ltr'>ll&#39;ststnnE</span> 
     </span>
    </p>
   </div>
   <div class='ocr_carea' id='block_1_2' title="bbox 984 683 1071 748">
    <p class='ocr_par' dir='ltr' id='par_1_2' title="bbox 984 683 1071 748">
     <span class='ocr_line' id='line_1_2' title="bbox 984 683 1071 748; baseline 0.023 -2"><span class='ocrx_word' id='word_1_2' title='bbox 984 683 1071 748; x_wconf 73' lang='lat' dir='ltr'>cxlx</span> 
     </span>
    </p>
   </div>
   <div class='ocr_carea' id='block_1_3' title="bbox 532 944 1340 1903">
    <p class='ocr_par' dir='ltr' id='par_1_3' title="bbox 532 944 1340 1903">
     <span class='ocr_line' id='line_1_3' title="bbox 534 944 1319 1036; baseline 0 -20"><span class='ocrx_word' id='word_1_3' title='bbox 534 944 576 1016; x_wconf 81' lang='lat' dir='ltr'>At</span> <span class='ocrx_word' id='word_1_4' title='bbox 595 948 699 1016; x_wconf 89' lang='lat' dir='ltr'>minor</span> <span class='ocrx_word' id='word_1_5' title='bbox 718 946 846 1016; x_wconf 85' lang='lat' dir='ltr'>alterius</span> <span class='ocrx_word' id='word_1_6' title='bbox 863 954 966 1016; x_wconf 91' lang='lat' dir='ltr'>metus</span> <span class='ocrx_word' id='word_1_7' title='bbox 985 955 1016 1014; x_wconf 92' lang='lat' dir='ltr'>et</span> <span class='ocrx_word' id='word_1_8' title='bbox 1034 945 1215 1036; x_wconf 88' lang='lat' dir='ltr'>pmdentia;</span> <span class='ocrx_word' id='word_1_9' title='bbox 1236 946 1319 1016; x_wconf 90' lang='lat' dir='ltr'>lusas</span> 
     </span>
     <span class='ocr_line' id='line_1_4' title="bbox 533 1071 1278 1161; baseline 0.003 -21"><span class='ocrx_word' id='word_1_10' title='bbox 533 1071 645 1142; x_wconf 80' lang='lat' dir='ltr'>Incidit</span> <span class='ocrx_word' id='word_1_11' title='bbox 663 1073 696 1140; x_wconf 97' lang='lat' dir='ltr'>in</span> <span class='ocrx_word' id='word_1_12' title='bbox 714 1091 819 1149; x_wconf 91' lang='lat' dir='ltr'>naves,</span> <span class='ocrx_word' id='word_1_13' title='bbox 841 1073 1024 1161; x_wconf 81' lang='lat' dir='ltr'>capiturque</span> <span class='ocrx_word' id='word_1_14' title='bbox 1043 1071 1179 1151; x_wconf 81' lang='lat' dir='ltr'>innoxia,</span> <span class='ocrx_word' id='word_1_15' title='bbox 1201 1072 1278 1142; x_wconf 87' lang='lat' dir='ltr'>citra</span> 
     </span>
     <span class='ocr_line' id='line_1_5' title="bbox 533 1194 1230 1276; baseline 0 -12"><span class='ocrx_word' id='word_1_16' title='bbox 533 1195 648 1266; x_wconf 79' lang='lat' dir='ltr'>Bellica</span> <span class='ocrx_word' id='word_1_17' title='bbox 666 1195 813 1268; x_wconf 86' lang='lat' dir='ltr'>Mavortis</span> <span class='ocrx_word' id='word_1_18' title='bbox 831 1194 933 1264; x_wconf 90' lang='lat' dir='ltr'>rabidi</span> <span class='ocrx_word' id='word_1_19' title='bbox 951 1197 1133 1276; x_wconf 88' lang='lat' dir='ltr'>certamina,</span> <span class='ocrx_word' id='word_1_20' title='bbox 1153 1195 1230 1264; x_wconf 91' lang='lat' dir='ltr'>citra</span> 
     </span>
     <span class='ocr_line' id='line_1_6' title="bbox 533 1317 1281 1408; baseline 0 -20"><span class='ocrx_word' id='word_1_21' title='bbox 533 1317 663 1389; x_wconf 84' lang='lat' dir='ltr'>Vulcani</span> <span class='ocrx_word' id='word_1_22' title='bbox 682 1319 812 1400; x_wconf 82' lang='lat' dir='ltr'>rabiem,</span> <span class='ocrx_word' id='word_1_23' title='bbox 834 1327 865 1388; x_wconf 90' lang='lat' dir='ltr'>et</span> <span class='ocrx_word' id='word_1_24' title='bbox 883 1318 1009 1388; x_wconf 83' lang='lat' dir='ltr'>mriales</span> <span class='ocrx_word' id='word_1_25' title='bbox 1027 1319 1164 1389; x_wconf 80' lang='lat' dir='ltr'>fulminis</span> <span class='ocrx_word' id='word_1_26' title='bbox 1182 1319 1281 1408; x_wconf 88' lang='lat' dir='ltr'>ignes.</span> 
     </span>
     <span class='ocr_line' id='line_1_7' title="bbox 533 1432 1340 1533; baseline 0 -21"><span class='ocrx_word' id='word_1_27' title='bbox 533 1442 613 1512; x_wconf 91' lang='lat' dir='ltr'>Nam</span> <span class='ocrx_word' id='word_1_28' title='bbox 631 1442 689 1512; x_wconf 89' lang='lat' dir='ltr'>sibi</span> <span class='ocrx_word' id='word_1_29' title='bbox 709 1432 841 1524; x_wconf 83' lang='lat' dir='ltr'>diffisus,</span> <span class='ocrx_word' id='word_1_30' title='bbox 862 1443 968 1533; x_wconf 86' lang='lat' dir='ltr'>parvis</span> <span class='ocrx_word' id='word_1_31' title='bbox 986 1443 1070 1532; x_wconf 88' lang='lat' dir='ltr'>quod</span> <span class='ocrx_word' id='word_1_32' title='bbox 1089 1443 1221 1522; x_wconf 80' lang='lat' dir='ltr'>viribus,</span> <span class='ocrx_word' id='word_1_33' title='bbox 1242 1441 1340 1512; x_wconf 83' lang='lat' dir='ltr'>hostis</span> 
     </span>
     <span class='ocr_line' id='line_1_8' title="bbox 532 1564 1244 1645; baseline -0.003 -9"><span class='ocrx_word' id='word_1_34' title='bbox 532 1564 580 1636; x_wconf 80' lang='lat' dir='ltr'>nc</span> <span class='ocrx_word' id='word_1_35' title='bbox 598 1566 680 1635; x_wconf 88' lang='lat' dir='ltr'>Luso</span> <span class='ocrx_word' id='word_1_36' title='bbox 699 1565 839 1645; x_wconf 80' lang='lat' dir='ltr'>inferior,</span> <span class='ocrx_word' id='word_1_37' title='bbox 858 1565 944 1635; x_wconf 87' lang='lat' dir='ltr'>nullo</span> <span class='ocrx_word' id='word_1_38' title='bbox 962 1567 1133 1636; x_wconf 79' lang='lat' dir='ltr'>certamine</span> <span class='ocrx_word' id='word_1_39' title='bbox 1151 1567 1244 1634; x_wconf 89' lang='lat' dir='ltr'>cessit</span> 
     </span>
     <span class='ocr_line' id='line_1_9' title="bbox 532 1689 1320 1780; baseline -0.006 -19"><span class='ocrx_word' id='word_1_40' title='bbox 532 1690 667 1771; x_wconf 85' lang='lat' dir='ltr'>Victuri;</span> <span class='ocrx_word' id='word_1_41' title='bbox 687 1689 761 1759; x_wconf 85' lang='lat' dir='ltr'>lelix</span> <span class='ocrx_word' id='word_1_42' title='bbox 779 1689 923 1768; x_wconf 89' lang='lat' dir='ltr'>nimium,</span> <span class='ocrx_word' id='word_1_43' title='bbox 944 1689 1060 1759; x_wconf 90' lang='lat' dir='ltr'>namsi</span> <span class='ocrx_word' id='word_1_44' title='bbox 1080 1709 1166 1759; x_wconf 89' lang='lat' dir='ltr'>arma</span> <span class='ocrx_word' id='word_1_45' title='bbox 1184 1697 1320 1780; x_wconf 91' lang='lat' dir='ltr'>pararet,</span> 
     </span>
     <span class='ocr_line' id='line_1_10' title="bbox 533 1811 1320 1903; baseline -0.003 -21"><span class='ocrx_word' id='word_1_46' title='bbox 533 1811 679 1883; x_wconf 87' lang='lat' dir='ltr'>Protinus</span> <span class='ocrx_word' id='word_1_47' title='bbox 695 1813 779 1882; x_wconf 91' lang='lat' dir='ltr'>haud</span> <span class='ocrx_word' id='word_1_48' title='bbox 797 1812 891 1898; x_wconf 84' lang='lat' dir='ltr'>dubia</span> <span class='ocrx_word' id='word_1_49' title='bbox 909 1813 1066 1883; x_wconf 86' lang='lat' dir='ltr'>conlectus</span> <span class='ocrx_word' id='word_1_50' title='bbox 1084 1812 1171 1883; x_wconf 91' lang='lat' dir='ltr'>clade</span> <span class='ocrx_word' id='word_1_51' title='bbox 1189 1813 1320 1903; x_wconf 89' lang='lat' dir='ltr'>periret.</span> 
     </span>
    </p>
   </div>
   <div class='ocr_carea' id='block_1_4' title="bbox 987 2171 1064 2232">
    <p class='ocr_par' dir='ltr' id='par_1_4' title="bbox 987 2171 1064 2232">
     <span class='ocr_line' id='line_1_11' title="bbox 987 2171 1064 2232; baseline 0 0"><span class='ocrx_word' id='word_1_52' title='bbox 987 2171 1064 2232; x_wconf 78' lang='lat' dir='ltr'>Lxx</span> 
     </span>
    </p>
   </div>
   <div class='ocr_carea' id='block_1_5' title="bbox 532 2433 1512 3392">
    <p class='ocr_par' dir='ltr' id='par_1_5' title="bbox 534 2433 1309 2524">
     <span class='ocr_line' id='line_1_12' title="bbox 534 2433 1309 2524; baseline 0.001 -22"><span class='ocrx_word' id='word_1_53' title='bbox 534 2433 630 2503; x_wconf 88' lang='lat' dir='ltr'>Gama</span> <span class='ocrx_word' id='word_1_54' title='bbox 648 2433 760 2503; x_wconf 87' lang='lat' dir='ltr'>ducem</span> <span class='ocrx_word' id='word_1_55' title='bbox 778 2434 908 2524; x_wconf 91' lang='lat' dir='ltr'>cupiens</span> <span class='ocrx_word' id='word_1_56' title='bbox 925 2433 990 2504; x_wconf 83' lang='lat' dir='ltr'>an</span> <span class='ocrx_word' id='word_1_57' title='bbox 1009 2434 1041 2503; x_wconf 93' lang='lat' dir='ltr'>in</span> <span class='ocrx_word' id='word_1_58' title='bbox 1059 2434 1174 2513; x_wconf 85' lang='lat' dir='ltr'>littora,</span> <span class='ocrx_word' id='word_1_59' title='bbox 1194 2433 1309 2524; x_wconf 89' lang='lat' dir='ltr'>praeda</span> 
     </span>
    </p>

    <p class='ocr_par' dir='ltr' id='par_1_6' title="bbox 534 2556 1266 2648">
     <span class='ocr_line' id='line_1_13' title="bbox 534 2556 1266 2648; baseline 0 -22"><span class='ocrx_word' id='word_1_60' title='bbox 534 2557 674 2647; x_wconf 86' lang='lat' dir='ltr'>Impiger</span> <span class='ocrx_word' id='word_1_61' title='bbox 693 2557 826 2638; x_wconf 85' lang='lat' dir='ltr'>exultat;</span> <span class='ocrx_word' id='word_1_62' title='bbox 847 2556 946 2632; x_wconf 85' lang='lat' dir='ltr'>credit</span> <span class='ocrx_word' id='word_1_63' title='bbox 965 2558 1119 2648; x_wconf 90' lang='lat' dir='ltr'>reperisse</span> <span class='ocrx_word' id='word_1_64' title='bbox 1137 2566 1266 2647; x_wconf 82' lang='lat' dir='ltr'>negatae</span> 
     </span>
    </p>

    <p class='ocr_par' dir='ltr' id='par_1_7' title="bbox 533 2680 1512 2887">
     <span class='ocr_line' id='line_1_14' title="bbox 533 2680 1512 2772; baseline -0.001 -21"><span class='ocrx_word' id='word_1_65' title='bbox 533 2681 692 2772; x_wconf 83' lang='lat' dir='ltr'>Spemque</span> <span class='ocrx_word' id='word_1_66' title='bbox 710 2681 870 2771; x_wconf 88' lang='lat' dir='ltr'>lacemque</span> <span class='ocrx_word' id='word_1_67' title='bbox 885 2681 964 2760; x_wconf 89' lang='lat' dir='ltr'>viae,</span> <span class='ocrx_word' id='word_1_68' title='bbox 982 2689 1144 2771; x_wconf 87' lang='lat' dir='ltr'>captorum</span> <span class='ocrx_word' id='word_1_69' title='bbox 1162 2701 1201 2750; x_wconf 85' lang='lat' dir='ltr'>ex</span> <span class='ocrx_word' id='word_1_70' title='bbox 1219 2681 1342 2772; x_wconf 84' lang='lat' dir='ltr'>agmine</span> <span class='ocrx_word' id='word_1_71' title='bbox 1359 2680 1512 2761; x_wconf 87' lang='lat' dir='ltr'>Maurum,</span> 
     </span>
     <span class='ocr_line' id='line_1_15' title="bbox 533 2803 1344 2887; baseline -0.002 -13"><span class='ocrx_word' id='word_1_72' title='bbox 533 2804 621 2874; x_wconf 88' lang='lat' dir='ltr'>Tunc</span> <span class='ocrx_word' id='word_1_73' title='bbox 638 2805 766 2875; x_wconf 93' lang='lat' dir='ltr'>demum</span> <span class='ocrx_word' id='word_1_74' title='bbox 772 2829 781 2887; x_wconf 96' lang='lat'>;</span> <span class='ocrx_word' id='word_1_75' title='bbox 803 2803 858 2873; x_wconf 90' lang='lat' dir='ltr'>sed</span> <span class='ocrx_word' id='word_1_76' title='bbox 875 2824 953 2874; x_wconf 89' lang='lat' dir='ltr'>vana</span> <span class='ocrx_word' id='word_1_77' title='bbox 970 2803 1065 2874; x_wconf 89' lang='lat' dir='ltr'>iidem</span> <span class='ocrx_word' id='word_1_78' title='bbox 1083 2805 1205 2874; x_wconf 86' lang='lat' dir='ltr'>lortuna</span> <span class='ocrx_word' id='word_1_79' title='bbox 1225 2804 1344 2874; x_wconf 87' lang='lat' dir='ltr'>lelellit.</span> 
     </span>
    </p>

    <p class='ocr_par' dir='ltr' id='par_1_8' title="bbox 533 2927 1373 3017">
     <span class='ocr_line' id='line_1_16' title="bbox 533 2927 1373 3017; baseline -0.001 -20"><span class='ocrx_word' id='word_1_80' title='bbox 533 2927 632 2998; x_wconf 89' lang='lat' dir='ltr'>Nemo</span> <span class='ocrx_word' id='word_1_81' title='bbox 651 2928 768 2997; x_wconf 89' lang='lat' dir='ltr'>etenim</span> <span class='ocrx_word' id='word_1_82' title='bbox 785 2947 803 2996; x_wconf 95' lang='lat' dir='ltr'>e</span> <span class='ocrx_word' id='word_1_83' title='bbox 821 2947 954 2998; x_wconf 90' lang='lat' dir='ltr'>numero</span> <span class='ocrx_word' id='word_1_84' title='bbox 973 2927 1026 3016; x_wconf 91' lang='lat' dir='ltr'>qui</span> <span class='ocrx_word' id='word_1_85' title='bbox 1046 2947 1141 3017; x_wconf 88' lang='lat' dir='ltr'>regna</span> <span class='ocrx_word' id='word_1_86' title='bbox 1159 2927 1224 2998; x_wconf 87' lang='lat' dir='ltr'>an</span> <span class='ocrx_word' id='word_1_87' title='bbox 1243 2937 1373 3009; x_wconf 88' lang='lat' dir='ltr'>teneret,</span> 
     </span>
    </p>

    <p class='ocr_par' dir='ltr' id='par_1_9' title="bbox 532 3049 1398 3266">
     <span class='ocr_line' id='line_1_17' title="bbox 532 3049 1398 3143; baseline -0.002 -22"><span class='ocrx_word' id='word_1_88' title='bbox 532 3051 599 3122; x_wconf 90' lang='lat' dir='ltr'>Nec</span> <span class='ocrx_word' id='word_1_89' title='bbox 616 3051 707 3143; x_wconf 88' lang='lat' dir='ltr'>plaga</span> <span class='ocrx_word' id='word_1_90' title='bbox 725 3071 806 3142; x_wconf 92' lang='lat' dir='ltr'>quae</span> <span class='ocrx_word' id='word_1_91' title='bbox 824 3051 901 3121; x_wconf 88' lang='lat' dir='ltr'>coeli</span> <span class='ocrx_word' id='word_1_92' title='bbox 918 3057 1004 3120; x_wconf 86' lang='lat' dir='ltr'>notet</span> <span class='ocrx_word' id='word_1_93' title='bbox 1022 3049 1126 3120; x_wconf 88' lang='lat' dir='ltr'>Indica</span> <span class='ocrx_word' id='word_1_94' title='bbox 1144 3059 1223 3120; x_wconf 89' lang='lat' dir='ltr'>tecta</span> <span class='ocrx_word' id='word_1_95' title='bbox 1242 3061 1398 3142; x_wconf 88' lang='lat' dir='ltr'>repertus.</span> 
     </span>
     <span class='ocr_line' id='line_1_18' title="bbox 534 3175 1343 3266; baseline -0.002 -20"><span class='ocrx_word' id='word_1_96' title='bbox 534 3175 731 3246; x_wconf 85' lang='lat' dir='ltr'>Conveniunt</span> <span class='ocrx_word' id='word_1_97' title='bbox 749 3187 854 3246; x_wconf 86' lang='lat' dir='ltr'>tamen</span> <span class='ocrx_word' id='word_1_98' title='bbox 872 3175 955 3245; x_wconf 88' lang='lat' dir='ltr'>haud</span> <span class='ocrx_word' id='word_1_99' title='bbox 972 3175 1064 3266; x_wconf 89' lang='lat' dir='ltr'>longe</span> <span class='ocrx_word' id='word_1_100' title='bbox 1082 3175 1197 3246; x_wconf 84' lang='lat' dir='ltr'>distare</span> <span class='ocrx_word' id='word_1_101' title='bbox 1215 3176 1343 3247; x_wconf 89' lang='lat' dir='ltr'>Melindi</span> 
     </span>
    </p>

    <p class='ocr_par' dir='ltr' id='par_1_10' title="bbox 533 3302 1443 3392">
     <span class='ocr_line' id='line_1_19' title="bbox 533 3302 1443 3392; baseline 0 -22"><span class='ocrx_word' id='word_1_102' title='bbox 533 3303 645 3382; x_wconf 77' lang='lat' dir='ltr'>Littus</span> <span class='ocrx_word' id='word_1_103' title='bbox 664 3302 719 3371; x_wconf 82' lang='lat' dir='ltr'>ulti</span> <span class='ocrx_word' id='word_1_104' title='bbox 738 3303 894 3372; x_wconf 85' lang='lat' dir='ltr'>invenient</span> <span class='ocrx_word' id='word_1_105' title='bbox 912 3309 1078 3391; x_wconf 89' lang='lat' dir='ltr'>terraeque</span> <span class='ocrx_word' id='word_1_106' title='bbox 1096 3302 1228 3391; x_wconf 80' lang='lat' dir='ltr'>viaeque</span> <span class='ocrx_word' id='word_1_107' title='bbox 1247 3303 1443 3392; x_wconf 86' lang='lat' dir='ltr'>magistrum.</span> 
     </span>
    </p>
   </div>
   <div class='ocr_carea' id='block_1_6' title="bbox 981 3659 1069 3748">
    <p class='ocr_par' dir='ltr' id='par_1_11' title="bbox 981 3659 1069 3748">
     <span class='ocr_line' id='line_1_20' title="bbox 981 3659 1069 3748; baseline 0.011 -27"><span class='ocrx_word' id='word_1_108' title='bbox 981 3659 1069 3748; x_wconf 82' lang='lat' dir='ltr'>nuru</span> 
     </span>
    </p>
   </div>
   <div class='ocr_carea' id='block_1_7' title="bbox 531 3923 1429 4887">
    <p class='ocr_par' dir='ltr' id='par_1_12' title="bbox 532 3923 1219 4015">
     <span class='ocr_line' id='line_1_21' title="bbox 532 3923 1219 4015; baseline -0.006 -19"><span class='ocrx_word' id='word_1_109' title='bbox 532 3927 672 3996; x_wconf 77' lang='lat' dir='ltr'>Eximias</span> <span class='ocrx_word' id='word_1_110' title='bbox 689 3925 785 4015; x_wconf 84' lang='lat' dir='ltr'>Regis</span> <span class='ocrx_word' id='word_1_111' title='bbox 803 3923 915 3994; x_wconf 87' lang='lat' dir='ltr'>tollunt</span> <span class='ocrx_word' id='word_1_112' title='bbox 933 3923 972 3993; x_wconf 89' lang='lat' dir='ltr'>ad</span> <span class='ocrx_word' id='word_1_113' title='bbox 990 3923 1091 3994; x_wconf 92' lang='lat' dir='ltr'>sidera</span> <span class='ocrx_word' id='word_1_114' title='bbox 1110 3923 1219 3994; x_wconf 89' lang='lat' dir='ltr'>laudes</span> 
     </span>
    </p>

    <p class='ocr_par' dir='ltr' id='par_1_13' title="bbox 531 4047 1429 4887">
     <span class='ocr_line' id='line_1_22' title="bbox 531 4047 1416 4139; baseline -0.002 -19"><span class='ocrx_word' id='word_1_115' title='bbox 531 4049 714 4121; x_wconf 89' lang='lat' dir='ltr'>Munilicum</span> <span class='ocrx_word' id='word_1_116' title='bbox 732 4048 891 4139; x_wconf 87' lang='lat' dir='ltr'>fidumque</span> <span class='ocrx_word' id='word_1_117' title='bbox 910 4047 1033 4127; x_wconf 89' lang='lat' dir='ltr'>docent,</span> <span class='ocrx_word' id='word_1_118' title='bbox 1053 4049 1227 4139; x_wconf 87' lang='lat' dir='ltr'>opibusque</span> <span class='ocrx_word' id='word_1_119' title='bbox 1245 4059 1416 4139; x_wconf 87' lang='lat' dir='ltr'>polentem,</span> 
     </span>
     <span class='ocr_line' id='line_1_23' title="bbox 532 4171 1429 4265; baseline -0.002 -21"><span class='ocrx_word' id='word_1_120' title='bbox 532 4175 716 4265; x_wconf 89' lang='lat' dir='ltr'>Sumptlhus</span> <span class='ocrx_word' id='word_1_121' title='bbox 735 4174 882 4253; x_wconf 85' lang='lat' dir='ltr'>etlarsum,</span> <span class='ocrx_word' id='word_1_122' title='bbox 901 4171 1051 4242; x_wconf 89' lang='lat' dir='ltr'>blandum</span> <span class='ocrx_word' id='word_1_123' title='bbox 1070 4171 1253 4262; x_wconf 88' lang='lat' dir='ltr'>lacilemque</span> <span class='ocrx_word' id='word_1_124' title='bbox 1271 4173 1429 4263; x_wconf 88' lang='lat' dir='ltr'>loquendi,</span> 
     </span>
     <span class='ocr_line' id='line_1_24' title="bbox 533 4296 1378 4386; baseline -0.001 -19"><span class='ocrx_word' id='word_1_125' title='bbox 533 4297 592 4368; x_wconf 87' lang='lat' dir='ltr'>Cui</span> <span class='ocrx_word' id='word_1_126' title='bbox 610 4308 719 4367; x_wconf 89' lang='lat' dir='ltr'>natura</span> <span class='ocrx_word' id='word_1_127' title='bbox 738 4297 822 4367; x_wconf 86' lang='lat' dir='ltr'>dedit</span> <span class='ocrx_word' id='word_1_128' title='bbox 839 4316 988 4386; x_wconf 90' lang='lat' dir='ltr'>magnum</span> <span class='ocrx_word' id='word_1_129' title='bbox 1007 4305 1039 4366; x_wconf 89' lang='lat' dir='ltr'>et</span> <span class='ocrx_word' id='word_1_130' title='bbox 1056 4296 1234 4366; x_wconf 87' lang='lat' dir='ltr'>venerabile</span> <span class='ocrx_word' id='word_1_131' title='bbox 1252 4317 1378 4367; x_wconf 91' lang='lat' dir='ltr'>nomen.</span> 
     </span>
     <span class='ocr_line' id='line_1_25' title="bbox 533 4420 1409 4512; baseline -0.002 -17"><span class='ocrx_word' id='word_1_132' title='bbox 533 4425 651 4496; x_wconf 81' lang='lat' dir='ltr'>Annuit</span> <span class='ocrx_word' id='word_1_133' title='bbox 669 4423 718 4492; x_wconf 89' lang='lat' dir='ltr'>his</span> <span class='ocrx_word' id='word_1_134' title='bbox 735 4421 855 4503; x_wconf 87' lang='lat' dir='ltr'>ductor,</span> <span class='ocrx_word' id='word_1_135' title='bbox 876 4422 1050 4512; x_wconf 85' lang='lat' dir='ltr'>dubiosque</span> <span class='ocrx_word' id='word_1_136' title='bbox 1067 4420 1127 4491; x_wconf 90' lang='lat' dir='ltr'>hoc</span> <span class='ocrx_word' id='word_1_137' title='bbox 1145 4423 1270 4490; x_wconf 87' lang='lat' dir='ltr'>nemine</span> <span class='ocrx_word' id='word_1_138' title='bbox 1288 4422 1409 4506; x_wconf 88' lang='lat' dir='ltr'>firmal;</span> 
     </span>
     <span class='ocr_line' id='line_1_26' title="bbox 533 4535 1302 4641; baseline -0.004 -21"><span class='ocrx_word' id='word_1_139' title='bbox 533 4550 625 4635; x_wconf 82' lang='lat' dir='ltr'>Quod</span> <span class='ocrx_word' id='word_1_140' title='bbox 642 4549 729 4641; x_wconf 93' lang='lat' dir='ltr'>prius</span> <span class='ocrx_word' id='word_1_141' title='bbox 747 4549 778 4617; x_wconf 95' lang='lat' dir='ltr'>in</span> <span class='ocrx_word' id='word_1_142' title='bbox 797 4535 922 4617; x_wconf 84' lang='lat' dir='ltr'>somnis</span> <span class='ocrx_word' id='word_1_143' title='bbox 933 4547 1044 4617; x_wconf 91' lang='lat' dir='ltr'>eadem</span> <span class='ocrx_word' id='word_1_144' title='bbox 1062 4545 1220 4636; x_wconf 88' lang='lat' dir='ltr'>Cyllenius</span> <span class='ocrx_word' id='word_1_145' title='bbox 1239 4547 1302 4618; x_wconf 92' lang='lat' dir='ltr'>ales</span> 
     </span>
     <span class='ocr_line' id='line_1_27' title="bbox 533 4671 1412 4762; baseline -0.002 -17"><span class='ocrx_word' id='word_1_146' title='bbox 533 4675 676 4756; x_wconf 85' lang='lat' dir='ltr'>Dixerat;</span> <span class='ocrx_word' id='word_1_147' title='bbox 698 4692 775 4762; x_wconf 86' lang='lat' dir='ltr'>ergo</span> <span class='ocrx_word' id='word_1_148' title='bbox 793 4673 875 4740; x_wconf 93' lang='lat' dir='ltr'>viam</span> <span class='ocrx_word' id='word_1_149' title='bbox 894 4671 1018 4750; x_wconf 90' lang='lat' dir='ltr'>celerat,</span> <span class='ocrx_word' id='word_1_150' title='bbox 1040 4691 1164 4760; x_wconf 90' lang='lat' dir='ltr'>quaque</span> <span class='ocrx_word' id='word_1_151' title='bbox 1182 4673 1228 4742; x_wconf 94' lang='lat' dir='ltr'>ire</span> <span class='ocrx_word' id='word_1_152' title='bbox 1246 4673 1412 4742; x_wconf 89' lang='lat' dir='ltr'>monebant</span> 
     </span>
     <span class='ocr_line' id='line_1_28' title="bbox 532 4793 1391 4887; baseline -0.008 -15"><span class='ocrx_word' id='word_1_153' title='bbox 532 4799 706 4873; x_wconf 89' lang='lat' dir='ltr'>Mercurius</span> <span class='ocrx_word' id='word_1_154' title='bbox 723 4797 924 4884; x_wconf 88' lang='lat' dir='ltr'>Maumsque‚</span> <span class='ocrx_word' id='word_1_155' title='bbox 942 4793 1032 4884; x_wconf 87' lang='lat' dir='ltr'>jubet</span> <span class='ocrx_word' id='word_1_156' title='bbox 1051 4804 1235 4866; x_wconf 73' lang='lat' dir='ltr'>convertere</span> <span class='ocrx_word' id='word_1_157' title='bbox 1254 4816 1391 4887; x_wconf 87' lang='lat' dir='ltr'>proram.</span> 
     </span>
    </p>
   </div>
   <div class='ocr_carea' id='block_1_8' title="bbox 0 0 1724 5392">
    <p class='ocr_par' dir='ltr' id='par_1_14' title="bbox 0 0 1724 5392">
     <span class='ocr_line' id='line_1_29' title="bbox 0 0 1724 5392; baseline 0 0"><span class='ocrx_word' id='word_1_158' title='bbox 0 0 1724 5392; x_wconf 95' lang='lat' dir='ltr'> </span> 
     </span>
    </p>
   </div>
  </div>
 </body>
</html>
