3394 5372
573 487 663 533 uranu
681 484 814 542 otrnrrs

638 741 751 804 xtvtll

152 1037 157 1046 ·
198 1009 329 1098 Insuper
348 1005 500 1096 aspicient
519 1023 598 1095 quae
618 1007 734 1074 lumina
752 1005 823 1073 viva
842 1006 1010 1096 supersint,

198 1131 375 1202 Aerumnae
394 1129 521 1200 immani
538 1137 571 1199 et
591 1129 693 1221 pelagi
713 1129 872 1200 subtracta
891 1130 1028 1221 periclis,

198 1256 258 1326 Par
275 1255 359 1347 quod
377 1255 478 1326 dulcis
495 1255 611 1346 hymen
629 1263 750 1325 sacrato
769 1253 894 1326 loedere
911 1254 1026 1342 iunxit,

61 1418 66 1428 ·
198 1382 302 1453 Densa
320 1368 401 1450 inter
420 1401 550 1452 nemora
570 1389 602 1452 et
620 1379 772 1450 terrentia
790 1380 856 1452 sole
875 1381 1038 1450 relictum:

199 1506 269 1586 Hic,
289 1514 455 1596 postquam
472 1503 619 1594 lacrymis
637 1505 823 1575 mollescere
843 1525 916 1574 saxa
935 1505 1105 1585 docebunt,

199 1631 287 1713 Quae
306 1630 395 1701 dolor
412 1621 560 1721 ellringe'l
578 1631 699 1722 gemitu
717 1631 862 1720 tristique
880 1631 1020 1721 querela,

198 1754 327 1826 Castum
345 1755 385 1834 in¹
397 1755 574 1846 amplexum
593 1764 760 1825 curvantes
777 1754 906 1824 brachia
921 1755 1067 1845 junctim,

24 1919 34 1944 .
124 1961 126 1964 ¹
199 1879 351 1950 Formoso
369 1879 548 1970 miseroque
566 1879 686 1950 animas
704 1899 722 1950 e
740 1897 868 1948 carcere
886 1879 1019 1950 solvent.

650 2237 739 2300 xcix

87 2473 90 2480 ¹
139 2580 147 2598 .
198 2501 335 2592 Pergere
354 2510 460 2571 nostra
478 2519 595 2571 canens
612 2500 807 2572 horrendum
827 2499 887 2569 lata
905 2499 1036 2590 parabat
1110 2553 1119 2581 ,

130 2639 134 2646 '
197 2626 384 2706 Monstrum,
404 2625 458 2696 olli
476 2645 575 2716 quum
593 2645 644 2694 me
660 2623 785 2713 objicio,
801 2642 996 2715 surgensque
1011 2625 1191 2716 loquentem
1238 2622 1251 2666 '-

196 2749 343 2839 Excipiet
364 2748 467 2832 Quem
485 2756 516 2819 te
535 2747 693 2818 relemm‘l
710 2747 790 2818 Nam
808 2748 952 2839 corporis
970 2748 1081 2838 ingens

197 2871 376 2944 Attonitum
394 2892 446 2942 me
465 2871 564 2942 leuna
582 2880 681 2953 tenet,
701 2879 863 2962 terretque
881 2880 1033 2942 tuentem.

196 2995 285 3066 Tunc
303 3017 358 3066 ora
376 2995 556 3076 obvertens,
575 3003 607 3066 et
624 2995 744 3066 lumina
760 2997 1070 3086 nigraretorquens,

75 3191 78 3198 ,
198 3120 389 3190 Horrificum
406 3120 540 3200 vultum,
562 3139 734 3210 vocemque
752 3119 791 3190 ad
809 3120 914 3191 sidera
932 3119 1024 3200 tollit,

197 3245 459 3337 Responsrunque
477 3253 566 3316 atron
584 3247 691 3318 verbis
710 3245 789 3316 mihi
807 3245 911 3322 reddit
929 3247 1055 3326 amaris,

198 3369 264 3442 Ceu
284 3373 423 3462 graviter
441 3372 563 3462 patiens
580 3391 652 3441 mea
670 3371 764 3453 dieta,
784 3371 954 3463 dolensque
973 3373 1089 3464 rogari.

679 3733 703 3794 L

197 3995 246 4066 En
263 4014 324 4086 ego
341 4015 412 4064 sum
429 3993 531 4085 Caput
547 3993 707 4065 occultum
726 3999 874 4085 vastaque
893 3995 1033 4066 refusum

197 4119 290 4200 lllole,
311 4118 523 4188 Procellosum
541 4119 625 4211 quod
645 4120 773 4190 nomine
791 4119 908 4200 dicitis,
929 4118 1007 4190 illud
1095 4169 1099 4182 .

197 4243 289 4328 Quod
306 4264 362 4314 rex
379 4244 463 4315 haud
482 4265 623 4335 unquam
640 4243 848 4324 Ptolemaeus,
869 4244 989 4314 Plinius
1008 4244 1129 4336 ingens,

196 4368 396 4459 Pomponius,
418 4368 542 4449 Strabo,
563 4373 623 4438 nec'
640 4368 752 4459 reliqui
771 4389 886 4440 novere
904 4370 1017 4458 periti:

196 4494 255 4563 llic
274 4493 364 4563 datus
382 4501 542 4564 extremus
559 4493 696 4584 Libycae
714 4513 786 4564 sum
804 4493 959 4563 terminus
976 4514 1062 4576 orae,

196 4618 299 4701 Quam
317 4617 557 4708 circumscripto
575 4618 768 4688 mealittora
787 4617 889 4688 limile
908 4618 1072 4690 claudunt:

197 4743 265 4814 Hoc
283 4743 397 4834 Caput,
417 4742 574 4814 Australis
592 4747 653 4836 qua
672 4765 705 4814 se
723 4743 814 4835 polus
833 4744 940 4834 erigit,
962 4746 1063 4835 ample

197 4867 362 4948 Funditur,
384 4869 513 4938 immani
533 4869 616 4958 quod
635 4889 691 4938 vos
709 4867 929 4938 transcenditis
946 4890 1032 4938 auso.
