3406 5378
893 497 1045 544 artemone

922 751 1008 814 exat

475 1011 561 1082 Tunc
580 1011 720 1083 mettium
739 1021 906 1103 postquam
924 1013 976 1082 ilie
995 1015 1063 1083 viae
1083 1013 1251 1084 confecerit
1269 1012 1390 1092 orbem,

474 1135 615 1226 Desuper
634 1155 804 1208 excurrens
823 1157 916 1226 quarn
936 1137 1016 1206 linea
1035 1137 1137 1226 signat
1155 1137 1194 1206 ad
1209 1135 1373 1216 Austrum,

474 1260 581 1331 Celsos
598 1261 645 1331 ire
662 1262 748 1332 uiros
765 1261 891 1332 sublimi
910 1263 1028 1332 uertice
1047 1271 1165 1342 cernet,

473 1384 556 1455 Peni
574 1385 747 1476 giganteos,
769 1387 887 1455 uicinae
905 1385 945 1455 ad
962 1385 1065 1456 littora
1084 1393 1198 1456 terrae.

473 1509 676 1600 Ulteriusque
693 1509 809 1580 fretum
826 1508 1025 1592 monstrabit,
1044 1509 1148 1579 nobile
1167 1529 1280 1580 nomen

473 1634 532 1704 Cui
549 1634 635 1705 dabit
652 1635 719 1726 ipse
737 1655 842 1716 suum,
862 1639 911 1704 via
930 1638 994 1726 quo
1011 1634 1166 1725 pandetur
1184 1635 1222 1706 ad
1240 1634 1341 1705 undas

473 1757 614 1828 Alterius
631 1759 746 1850 pelagi,
766 1759 843 1830 latas
861 1759 945 1850 quod
964 1759 1076 1830 circuit
1093 1779 1175 1840 oras,

472 1883 588 1954 Auster
606 1905 683 1976 quas
700 1884 811 1975 gelidis
829 1905 939 1956 omnes
955 1885 1064 1975 procu
1083 1885 1197 1956 occulit
1213 1885 1281 1956 atis.

914 2242 1011 2306 CXLI!

472 2503 640 2584 Hactenus,
661 2524 680 2574 o
698 2503 784 2584 Lusi,
803 2503 891 2574 robis
909 2505 1061 2594 permissa
1080 2512 1215 2594 potestas

471 2628 620 2698 Fatonun
638 2630 752 2699 seriem
771 2638 802 2698 et
821 2629 993 2698 clarissima
1012 2628 1134 2698 discere
1154 2629 1245 2709 iacta,

472 2753 577 2836 Quen,
598 2753 760 2843 nunciam
779 2762 868 2822 notas
886 2753 1042 2822 sulcantes
1061 2753 1206 2843 aequoris
1224 2752 1334 2834 undae,

472 2877 577 2947 Vestri
595 2887 779 2969 perpetuam
798 2878 912 2948 tamam
931 2878 1118 2968 laudemque
1136 2877 1319 2980 merebunt3

470 3001 560 3072 Nunc
578 3003 674 3092 igitur
692 3003 838 3094 quoniam
856 3012 1033 3074 vestrorum
1052 3003 1141 3072 tortia
1159 3011 1256 3092 gesta,

470 3123 619 3206 Audistis,
641 3135 742 3195 untes
760 3129 904 3216 potuistis
923 3127 1004 3197 terre
1022 3125 1153 3206 labores,

472 3247 559 3337 ipsos
578 3250 631 3338 qui
651 3249 768 3319 debent
788 3270 842 3320 ros
861 3259 966 3339 gratos
985 3249 1119 3322 reddere
1138 3251 1298 3341 Nymphis,

471 3371 569 3454 Quae,
590 3391 732 3461 sponsae,
753 3373 841 3442 vobis
856 3373 922 3462 jam
940 3373 1068 3464 cingunt
1088 3384 1229 3464 tempora
1247 3375 1355 3456 sertis;

910 3731 1018 3792 cautu

470 3991 589 4062 Pontus
607 3999 637 4060 et
656 4011 733 4062 aura
750 3999 850 4071 vocat,
870 3993 944 4062 laeti
963 3992 1161 4068 conscendite
1179 4011 1283 4072 naues,

469 4114 521 4184 Ad
538 4114 658 4186 dudum
677 4123 799 4205 optatos
817 4116 991 4206 charosque
1010 4116 1112 4187 redite
1131 4127 1270 4208 penates.

469 4240 522 4310 Sic
540 4242 593 4324 ait,
612 4249 706 4330 atque
724 4240 838 4312 hilares
854 4240 929 4310 dant
947 4249 1059 4311 nautae
1076 4242 1203 4312 carbasa
1222 4250 1326 4322 vento,

469 4363 570 4434 Insula
585 4364 714 4456 jamque
732 4365 842 4455 procui
862 4365 942 4434 mire
958 4365 1096 4456 jucunda
1115 4366 1249 4436 recedit:

469 4488 713 4580 Subsidiumque
731 4490 800 4558 viae
819 4490 961 4580 preciosa
980 4490 1096 4561 cibaria
1115 4489 1226 4581 longae

468 4611 608 4682 Naribus
625 4613 802 4701 imponunt,
822 4613 1103 4705 Nympharumque
1123 4616 1246 4704 agmina
1265 4633 1371 4684 secum

468 4736 570 4806 Cinara
587 4737 717 4818 vehunt,
739 4739 839 4808 socias
855 4739 979 4829 junctas
998 4760 1076 4829 quas
1094 4759 1220 4829 semper
1237 4739 1410 4820 habebunt,

468 4861 551 4930 Dum
572 4861 618 4928 soi
636 4869 788 4951 perpetuo
807 4881 901 4932 cursu
920 4862 1126 4934 circumdabit
1145 4863 1266 4934 orbem.
