<?xml version="1.0" encoding="UTF-8"?>
<!DOCTYPE html PUBLIC "-//W3C//DTD XHTML 1.0 Transitional//EN"
    "http://www.w3.org/TR/xhtml1/DTD/xhtml1-transitional.dtd">
<html xmlns="http://www.w3.org/1999/xhtml" xml:lang="en" lang="en">
 <head>
  <title>
</title>
<meta http-equiv="Content-Type" content="text/html;charset=utf-8" />
  <meta name='ocr-system' content='tesseract 3.04.00' />
  <meta name='ocr-capabilities' content='ocr_page ocr_carea ocr_par ocr_line ocrx_word'/>
</head>
<body>
  <div class='ocr_page' id='page_1' title='image "./alusiadadeluizd00deslgoog_0341.png"; bbox 0 0 3384 5372; ppageno 0'>
   <div class='ocr_carea' id='block_1_1' title="bbox 921 501 1073 548">
    <p class='ocr_par' dir='ltr' id='par_1_1' title="bbox 921 501 1073 548">
     <span class='ocr_line' id='line_1_1' title="bbox 921 501 1073 548; baseline 0 -2"><span class='ocrx_word' id='word_1_1' title='bbox 921 501 1073 548; x_wconf 71' lang='lat' dir='ltr'>rusinole:</span> 
     </span>
    </p>
   </div>
   <div class='ocr_carea' id='block_1_2' title="bbox 950 757 1037 820">
    <p class='ocr_par' dir='ltr' id='par_1_2' title="bbox 950 757 1037 820">
     <span class='ocr_line' id='line_1_2' title="bbox 950 757 1037 820; baseline 0.011 -1"><span class='ocrx_word' id='word_1_2' title='bbox 950 757 1037 820; x_wconf 85' lang='lat' dir='ltr'>Llllll</span> 
     </span>
    </p>
   </div>
   <div class='ocr_carea' id='block_1_3' title="bbox 497 999 1386 1964">
    <p class='ocr_par' dir='ltr' id='par_1_3' title="bbox 498 999 1274 1218">
     <span class='ocr_line' id='line_1_3' title="bbox 499 999 1274 1092; baseline 0.003 -24"><span class='ocrx_word' id='word_1_3' title='bbox 499 1000 532 1068; x_wconf 91' lang='lat' dir='ltr'>Si</span> <span class='ocrx_word' id='word_1_4' title='bbox 552 999 631 1069; x_wconf 84' lang='lat' dir='ltr'>lorte</span> <span class='ocrx_word' id='word_1_5' title='bbox 650 1010 793 1070; x_wconf 81' lang='lat' dir='ltr'>extorres</span> <span class='ocrx_word' id='word_1_6' title='bbox 811 1001 922 1092; x_wconf 84' lang='lat' dir='ltr'>patria,</span> <span class='ocrx_word' id='word_1_7' title='bbox 943 1001 1135 1092; x_wconf 76' lang='lat' dir='ltr'>profugique</span> <span class='ocrx_word' id='word_1_8' title='bbox 1151 1003 1274 1082; x_wconf 84' lang='lat' dir='ltr'>venitis,</span> 
     </span>
     <span class='ocr_line' id='line_1_4' title="bbox 498 1123 1221 1218; baseline 0.008 -27"><span class='ocrx_word' id='word_1_9' title='bbox 498 1123 637 1213; x_wconf 88' lang='lat' dir='ltr'>lnsignes</span> <span class='ocrx_word' id='word_1_10' title='bbox 654 1143 727 1193; x_wconf 93' lang='lat' dir='ltr'>nam</span> <span class='ocrx_word' id='word_1_11' title='bbox 745 1145 838 1215; x_wconf 85' lang='lat' dir='ltr'>saepe</span> <span class='ocrx_word' id='word_1_12' title='bbox 856 1126 942 1195; x_wconf 85' lang='lat' dir='ltr'>uiros</span> <span class='ocrx_word' id='word_1_13' title='bbox 961 1127 1085 1196; x_wconf 92' lang='lat' dir='ltr'>lortuna</span> <span class='ocrx_word' id='word_1_14' title='bbox 1104 1127 1221 1218; x_wconf 90' lang='lat' dir='ltr'>latigat,</span> 
     </span>
    </p>

    <p class='ocr_par' dir='ltr' id='par_1_4' title="bbox 497 1247 1386 1964">
     <span class='ocr_line' id='line_1_5' title="bbox 498 1247 1376 1339; baseline 0.003 -22"><span class='ocrx_word' id='word_1_15' title='bbox 498 1247 604 1317; x_wconf 85' lang='lat' dir='ltr'>Hocce</span> <span class='ocrx_word' id='word_1_16' title='bbox 622 1269 730 1318; x_wconf 90' lang='lat' dir='ltr'>meum</span> <span class='ocrx_word' id='word_1_17' title='bbox 747 1249 886 1339; x_wconf 90' lang='lat' dir='ltr'>hospitio</span> <span class='ocrx_word' id='word_1_18' title='bbox 904 1269 961 1319; x_wconf 84' lang='lat' dir='ltr'>ros</span> <span class='ocrx_word' id='word_1_19' title='bbox 980 1269 1115 1339; x_wconf 90' lang='lat' dir='ltr'>regnum</span> <span class='ocrx_word' id='word_1_20' title='bbox 1134 1251 1243 1320; x_wconf 87' lang='lat' dir='ltr'>invitat</span> <span class='ocrx_word' id='word_1_21' title='bbox 1261 1251 1376 1332; x_wconf 85' lang='lat' dir='ltr'>amico;</span> 
     </span>
     <span class='ocr_line' id='line_1_6' title="bbox 498 1371 1386 1467; baseline 0.005 -27"><span class='ocrx_word' id='word_1_22' title='bbox 498 1371 623 1443; x_wconf 82' lang='lat' dir='ltr'>Scilicet</span> <span class='ocrx_word' id='word_1_23' title='bbox 641 1393 735 1444; x_wconf 85' lang='lat' dir='ltr'>omne</span> <span class='ocrx_word' id='word_1_24' title='bbox 753 1375 857 1444; x_wconf 92' lang='lat' dir='ltr'>solum</span> <span class='ocrx_word' id='word_1_25' title='bbox 875 1375 947 1445; x_wconf 89' lang='lat' dir='ltr'>lorti</span> <span class='ocrx_word' id='word_1_26' title='bbox 966 1377 1066 1465; x_wconf 91' lang='lat' dir='ltr'>patria</span> <span class='ocrx_word' id='word_1_27' title='bbox 1085 1395 1154 1446; x_wconf 90' lang='lat' dir='ltr'>esse</span> <span class='ocrx_word' id='word_1_28' title='bbox 1172 1376 1310 1467; x_wconf 89' lang='lat' dir='ltr'>putanda</span> <span class='ocrx_word' id='word_1_29' title='bbox 1328 1385 1386 1446; x_wconf 88' lang='lat' dir='ltr'>est.</span> 
     </span>
     <span class='ocr_line' id='line_1_7' title="bbox 498 1495 1307 1590; baseline 0.006 -25"><span class='ocrx_word' id='word_1_30' title='bbox 498 1495 589 1580; x_wconf 90' lang='lat' dir='ltr'>Quod</span> <span class='ocrx_word' id='word_1_31' title='bbox 608 1499 633 1566; x_wconf 93' lang='lat' dir='ltr'>si</span> <span class='ocrx_word' id='word_1_32' title='bbox 652 1497 826 1588; x_wconf 80' lang='lat' dir='ltr'>praedones</span> <span class='ocrx_word' id='word_1_33' title='bbox 844 1499 960 1589; x_wconf 84' lang='lat' dir='ltr'>pelagi,</span> <span class='ocrx_word' id='word_1_34' title='bbox 979 1499 1019 1570; x_wconf 90' lang='lat' dir='ltr'>de</span> <span class='ocrx_word' id='word_1_35' title='bbox 1037 1519 1138 1579; x_wconf 91' lang='lat' dir='ltr'>more,</span> <span class='ocrx_word' id='word_1_36' title='bbox 1159 1511 1307 1590; x_wconf 86' lang='lat' dir='ltr'>vagantes</span> 
     </span>
     <span class='ocr_line' id='line_1_8' title="bbox 497 1619 1348 1714; baseline 0.007 -27"><span class='ocrx_word' id='word_1_37' title='bbox 497 1619 591 1702; x_wconf 87' lang='lat' dir='ltr'>Estis,</span> <span class='ocrx_word' id='word_1_38' title='bbox 612 1641 694 1710; x_wconf 94' lang='lat' dir='ltr'>pone</span> <span class='ocrx_word' id='word_1_39' title='bbox 713 1630 835 1692; x_wconf 88' lang='lat' dir='ltr'>metum</span> <span class='ocrx_word' id='word_1_40' title='bbox 852 1643 969 1692; x_wconf 86' lang='lat' dir='ltr'>uanum</span> <span class='ocrx_word' id='word_1_41' title='bbox 987 1624 1162 1714; x_wconf 89' lang='lat' dir='ltr'>mortisque</span> <span class='ocrx_word' id='word_1_42' title='bbox 1179 1631 1348 1714; x_wconf 85' lang='lat' dir='ltr'>notaeque;</span> 
     </span>
     <span class='ocr_line' id='line_1_9' title="bbox 498 1745 1382 1840; baseline 0.005 -27"><span class='ocrx_word' id='word_1_43' title='bbox 498 1745 545 1813; x_wconf 91' lang='lat' dir='ltr'>Ne</span> <span class='ocrx_word' id='word_1_44' title='bbox 565 1745 661 1815; x_wconf 86' lang='lat' dir='ltr'>celes:</span> <span class='ocrx_word' id='word_1_45' title='bbox 682 1766 807 1837; x_wconf 87' lang='lat' dir='ltr'>semper</span> <span class='ocrx_word' id='word_1_46' title='bbox 825 1757 949 1828; x_wconf 87' lang='lat' dir='ltr'>cuncta,</span> <span class='ocrx_word' id='word_1_47' title='bbox 970 1748 1044 1818; x_wconf 92' lang='lat' dir='ltr'>inde</span> <span class='ocrx_word' id='word_1_48' title='bbox 1062 1749 1102 1818; x_wconf 90' lang='lat' dir='ltr'>ab</span> <span class='ocrx_word' id='word_1_49' title='bbox 1121 1749 1244 1840; x_wconf 84' lang='lat' dir='ltr'>origine</span> <span class='ocrx_word' id='word_1_50' title='bbox 1262 1748 1382 1828; x_wconf 88' lang='lat' dir='ltr'>mundi,</span> 
     </span>
     <span class='ocr_line' id='line_1_10' title="bbox 499 1871 1293 1964; baseline 0.008 -27"><span class='ocrx_word' id='word_1_51' title='bbox 499 1871 672 1952; x_wconf 80' lang='lat' dir='ltr'>Quaereret</span> <span class='ocrx_word' id='word_1_52' title='bbox 691 1873 873 1952; x_wconf 85' lang='lat' dir='ltr'>mulctum,</span> <span class='ocrx_word' id='word_1_53' title='bbox 894 1875 993 1944; x_wconf 88' lang='lat' dir='ltr'>tristis</span> <span class='ocrx_word' id='word_1_54' title='bbox 1010 1875 1143 1944; x_wconf 87' lang='lat' dir='ltr'>tentavit</span> <span class='ocrx_word' id='word_1_55' title='bbox 1162 1883 1293 1964; x_wconf 75' lang='lat' dir='ltr'>egestas.</span> 
     </span>
    </p>
   </div>
   <div class='ocr_carea' id='block_1_4' title="bbox 950 2231 1040 2294">
    <p class='ocr_par' dir='ltr' id='par_1_5' title="bbox 950 2231 1040 2294">
     <span class='ocr_line' id='line_1_11' title="bbox 950 2231 1040 2294; baseline 0.033 -3"><span class='ocrx_word' id='word_1_56' title='bbox 950 2231 1040 2294; x_wconf 82' lang='lat' dir='ltr'>LXlV</span> 
     </span>
    </p>
   </div>
   <div class='ocr_carea' id='block_1_5' title="bbox 500 2508 1382 3473">
    <p class='ocr_par' dir='ltr' id='par_1_6' title="bbox 500 2508 1371 2972">
     <span class='ocr_line' id='line_1_12' title="bbox 500 2508 1295 2600; baseline 0.006 -24"><span class='ocrx_word' id='word_1_57' title='bbox 500 2508 691 2578; x_wconf 79' lang='lat' dir='ltr'>iamdudum</span> <span class='ocrx_word' id='word_1_58' title='bbox 710 2509 811 2580; x_wconf 87' lang='lat' dir='ltr'>luerat</span> <span class='ocrx_word' id='word_1_59' title='bbox 830 2515 1003 2600; x_wconf 80' lang='lat' dir='ltr'>praesagus</span> <span class='ocrx_word' id='word_1_60' title='bbox 1021 2512 1120 2580; x_wconf 81' lang='lat' dir='ltr'>Gema</span> <span class='ocrx_word' id='word_1_61' title='bbox 1138 2510 1295 2581; x_wconf 88' lang='lat' dir='ltr'>malorum</span> 
     </span>
     <span class='ocr_line' id='line_1_13' title="bbox 500 2632 1371 2726; baseline 0.006 -26"><span class='ocrx_word' id='word_1_62' title='bbox 500 2632 616 2702; x_wconf 88' lang='lat' dir='ltr'>Instant</span> <span class='ocrx_word' id='word_1_63' title='bbox 634 2654 714 2724; x_wconf 87' lang='lat' dir='ltr'>quae</span> <span class='ocrx_word' id='word_1_64' title='bbox 733 2634 834 2715; x_wconf 75' lang='lat' dir='ltr'>Lusis</span> <span class='ocrx_word' id='word_1_65' title='bbox 855 2633 1076 2725; x_wconf 83' lang='lat' dir='ltr'>fraudumque,</span> <span class='ocrx_word' id='word_1_66' title='bbox 1097 2635 1221 2705; x_wconf 88' lang='lat' dir='ltr'>inimica</span> <span class='ocrx_word' id='word_1_67' title='bbox 1240 2635 1371 2726; x_wconf 88' lang='lat' dir='ltr'>parabat</span> 
     </span>
     <span class='ocr_line' id='line_1_14' title="bbox 500 2755 1300 2848; baseline 0.005 -23"><span class='ocrx_word' id='word_1_68' title='bbox 500 2755 630 2826; x_wconf 86' lang='lat' dir='ltr'>Nostrae</span> <span class='ocrx_word' id='word_1_69' title='bbox 650 2778 727 2847; x_wconf 89' lang='lat' dir='ltr'>quas</span> <span class='ocrx_word' id='word_1_70' title='bbox 745 2759 830 2848; x_wconf 90' lang='lat' dir='ltr'>genti</span> <span class='ocrx_word' id='word_1_71' title='bbox 849 2758 1033 2828; x_wconf 89' lang='lat' dir='ltr'>lllaurornm</span> <span class='ocrx_word' id='word_1_72' title='bbox 1051 2758 1146 2829; x_wconf 88' lang='lat' dir='ltr'>inlida</span> <span class='ocrx_word' id='word_1_73' title='bbox 1165 2769 1300 2841; x_wconf 82' lang='lat' dir='ltr'>caterva,</span> 
     </span>
     <span class='ocr_line' id='line_1_15' title="bbox 500 2859 1166 2972; baseline 0.002 -22"><span class='ocrx_word' id='word_1_74' title='bbox 500 2880 565 2950; x_wconf 83' lang='lat' dir='ltr'>Nec</span> <span class='ocrx_word' id='word_1_75' title='bbox 583 2881 667 2970; x_wconf 91' lang='lat' dir='ltr'>regis</span> <span class='ocrx_word' id='word_1_76' title='bbox 685 2880 793 2951; x_wconf 84' lang='lat' dir='ltr'>verbis</span> <span class='ocrx_word' id='word_1_77' title='bbox 811 2882 926 2952; x_wconf 87' lang='lat' dir='ltr'>audilis</span> <span class='ocrx_word' id='word_1_78' title='bbox 939 2881 1054 2972; x_wconf 90' lang='lat' dir='ltr'>palluit</span> <span class='ocrx_word' id='word_1_79' title='bbox 1073 2859 1166 2954; x_wconf 59' lang='lat' dir='ltr'>ore:=</span> 
     </span>
    </p>

    <p class='ocr_par' dir='ltr' id='par_1_7' title="bbox 500 3005 1382 3341">
     <span class='ocr_line' id='line_1_16' title="bbox 500 3005 1382 3099; baseline 0.006 -24"><span class='ocrx_word' id='word_1_80' title='bbox 500 3005 605 3076; x_wconf 77' lang='lat' dir='ltr'>Altam</span> <span class='ocrx_word' id='word_1_81' title='bbox 623 3007 727 3077; x_wconf 90' lang='lat' dir='ltr'>animo</span> <span class='ocrx_word' id='word_1_82' title='bbox 746 3028 835 3098; x_wconf 91' lang='lat' dir='ltr'>spem</span> <span class='ocrx_word' id='word_1_83' title='bbox 854 3009 1045 3098; x_wconf 70' lang='lat' dir='ltr'>concipiens</span> <span class='ocrx_word' id='word_1_84' title='bbox 1066 3028 1147 3099; x_wconf 87' lang='lat' dir='ltr'>quae</span> <span class='ocrx_word' id='word_1_85' title='bbox 1165 3010 1232 3080; x_wconf 91' lang='lat' dir='ltr'>lusa</span> <span class='ocrx_word' id='word_1_86' title='bbox 1251 3011 1382 3082; x_wconf 89' lang='lat' dir='ltr'>decebat</span> 
     </span>
     <span class='ocr_line' id='line_1_17' title="bbox 500 3131 1326 3227; baseline 0.007 -27"><span class='ocrx_word' id='word_1_87' title='bbox 500 3131 629 3200; x_wconf 87' lang='lat' dir='ltr'>Pectora</span> <span class='ocrx_word' id='word_1_88' title='bbox 646 3131 878 3223; x_wconf 82' lang='lat' dir='ltr'>&lt;magnanimae</span> <span class='ocrx_word' id='word_1_89' title='bbox 896 3151 960 3202; x_wconf 92' lang='lat' dir='ltr'>non</span> <span class='ocrx_word' id='word_1_90' title='bbox 977 3131 1065 3203; x_wconf 86' lang='lat' dir='ltr'>deest</span> <span class='ocrx_word' id='word_1_91' title='bbox 1083 3133 1197 3204; x_wconf 86' lang='lat' dir='ltr'>fiducia</span> <span class='ocrx_word' id='word_1_92' title='bbox 1214 3137 1326 3227; x_wconf 90' lang='lat' dir='ltr'>menti)</span> 
     </span>
     <span class='ocr_line' id='line_1_18' title="bbox 501 3253 1210 3341; baseline 0.008 -17"><span class='ocrx_word' id='word_1_93' title='bbox 501 3253 634 3326; x_wconf 76' lang='lat' dir='ltr'>didatus</span> <span class='ocrx_word' id='word_1_94' title='bbox 646 3257 781 3327; x_wconf 89' lang='lat' dir='ltr'>Veneris</span> <span class='ocrx_word' id='word_1_95' title='bbox 799 3259 945 3328; x_wconf 88' lang='lat' dir='ltr'>coelestis</span> <span class='ocrx_word' id='word_1_96' title='bbox 962 3259 1091 3328; x_wconf 94' lang='lat' dir='ltr'>numine</span> <span class='ocrx_word' id='word_1_97' title='bbox 1109 3259 1210 3341; x_wconf 87' lang='lat' dir='ltr'>divae,</span> 
     </span>
    </p>

    <p class='ocr_par' dir='ltr' id='par_1_8' title="bbox 504 3379 1286 3473">
     <span class='ocr_line' id='line_1_19' title="bbox 504 3379 1286 3473; baseline 0.004 -26"><span class='ocrx_word' id='word_1_98' title='bbox 504 3380 568 3448; x_wconf 89' lang='lat' dir='ltr'>llas</span> <span class='ocrx_word' id='word_1_99' title='bbox 584 3379 684 3449; x_wconf 90' lang='lat' dir='ltr'>lundit</span> <span class='ocrx_word' id='word_1_100' title='bbox 701 3383 826 3470; x_wconf 88' lang='lat' dir='ltr'>sapiens</span> <span class='ocrx_word' id='word_1_101' title='bbox 844 3383 977 3454; x_wconf 83' lang='lat' dir='ltr'>iucundo</span> <span class='ocrx_word' id='word_1_102' title='bbox 996 3403 1014 3453; x_wconf 90' lang='lat' dir='ltr'>e</span> <span class='ocrx_word' id='word_1_103' title='bbox 1032 3392 1160 3473; x_wconf 88' lang='lat' dir='ltr'>pectore</span> <span class='ocrx_word' id='word_1_104' title='bbox 1178 3405 1286 3455; x_wconf 87' lang='lat' dir='ltr'>voees:</span> 
     </span>
    </p>
   </div>
   <div class='ocr_carea' id='block_1_6' title="bbox 957 3741 1034 3804">
    <p class='ocr_par' dir='ltr' id='par_1_9' title="bbox 957 3741 1034 3804">
     <span class='ocr_line' id='line_1_20' title="bbox 957 3741 1034 3804; baseline 0.026 -2"><span class='ocrx_word' id='word_1_105' title='bbox 957 3741 1034 3804; x_wconf 78' lang='lat' dir='ltr'>LXV</span> 
     </span>
    </p>
   </div>
   <div class='ocr_carea' id='block_1_7' title="bbox 502 4001 1395 4838">
    <p class='ocr_par' dir='ltr' id='par_1_10' title="bbox 502 4001 1395 4344">
     <span class='ocr_line' id='line_1_21' title="bbox 502 4001 1290 4094; baseline 0.004 -22"><span class='ocrx_word' id='word_1_106' title='bbox 502 4001 542 4072; x_wconf 90' lang='lat' dir='ltr'>Ni</span> <span class='ocrx_word' id='word_1_107' title='bbox 560 4001 671 4071; x_wconf 86' lang='lat' dir='ltr'>delicta</span> <span class='ocrx_word' id='word_1_108' title='bbox 689 4002 802 4084; x_wconf 85' lang='lat' dir='ltr'>locent,</span> <span class='ocrx_word' id='word_1_109' title='bbox 821 4012 907 4073; x_wconf 87' lang='lat' dir='ltr'>aetas</span> <span class='ocrx_word' id='word_1_110' title='bbox 924 4025 1006 4094; x_wconf 90' lang='lat' dir='ltr'>quae</span> <span class='ocrx_word' id='word_1_111' title='bbox 1024 4005 1126 4094; x_wconf 89' lang='lat' dir='ltr'>prisca</span> <span class='ocrx_word' id='word_1_112' title='bbox 1144 4006 1290 4094; x_wconf 86' lang='lat' dir='ltr'>patravit,</span> 
     </span>
     <span class='ocr_line' id='line_1_22' title="bbox 503 4125 1395 4218; baseline 0.007 -24"><span class='ocrx_word' id='word_1_113' title='bbox 503 4125 654 4215; x_wconf 83' lang='lat' dir='ltr'>Quaeque</span> <span class='ocrx_word' id='word_1_114' title='bbox 673 4125 838 4195; x_wconf 92' lang='lat' dir='ltr'>hominum</span> <span class='ocrx_word' id='word_1_115' title='bbox 856 4125 1000 4197; x_wconf 90' lang='lat' dir='ltr'>sobolem</span> <span class='ocrx_word' id='word_1_116' title='bbox 1018 4127 1240 4218; x_wconf 84' lang='lat' dir='ltr'>deturparem,</span> <span class='ocrx_word' id='word_1_117' title='bbox 1260 4129 1395 4212; x_wconf 88' lang='lat' dir='ltr'>sinistra,</span> 
     </span>
     <span class='ocr_line' id='line_1_23' title="bbox 503 4249 1279 4344; baseline 0.004 -25"><span class='ocrx_word' id='word_1_118' title='bbox 503 4249 710 4331; x_wconf 82' lang='lat' dir='ltr'>Christicolis,</span> <span class='ocrx_word' id='word_1_119' title='bbox 730 4252 882 4341; x_wconf 90' lang='lat' dir='ltr'>omnique</span> <span class='ocrx_word' id='word_1_120' title='bbox 894 4250 997 4322; x_wconf 77' lang='lat' dir='ltr'>Adam</span> <span class='ocrx_word' id='word_1_121' title='bbox 1015 4253 1164 4342; x_wconf 83' lang='lat' dir='ltr'>pemeria</span> <span class='ocrx_word' id='word_1_122' title='bbox 1182 4253 1279 4344; x_wconf 89' lang='lat' dir='ltr'>proli;</span> 
     </span>
    </p>

    <p class='ocr_par' dir='ltr' id='par_1_11' title="bbox 503 4373 1335 4590">
     <span class='ocr_line' id='line_1_24' title="bbox 503 4373 1335 4466; baseline 0.006 -24"><span class='ocrx_word' id='word_1_123' title='bbox 503 4375 544 4443; x_wconf 87' lang='lat' dir='ltr'>Et</span> <span class='ocrx_word' id='word_1_124' title='bbox 562 4375 620 4443; x_wconf 91' lang='lat' dir='ltr'>nisi</span> <span class='ocrx_word' id='word_1_125' title='bbox 638 4384 702 4442; x_wconf 85' lang='lat' dir='ltr'>tam</span> <span class='ocrx_word' id='word_1_126' title='bbox 719 4373 781 4444; x_wconf 90' lang='lat' dir='ltr'>late</span> <span class='ocrx_word' id='word_1_127' title='bbox 799 4395 884 4444; x_wconf 90' lang='lat' dir='ltr'>nunc</span> <span class='ocrx_word' id='word_1_128' title='bbox 901 4385 1005 4445; x_wconf 87' lang='lat' dir='ltr'>essent</span> <span class='ocrx_word' id='word_1_129' title='bbox 1024 4396 1131 4465; x_wconf 87' lang='lat' dir='ltr'>sparsa</span> <span class='ocrx_word' id='word_1_130' title='bbox 1148 4397 1206 4466; x_wconf 89' lang='lat' dir='ltr'>per</span> <span class='ocrx_word' id='word_1_131' title='bbox 1223 4377 1335 4447; x_wconf 86' lang='lat' dir='ltr'>orbem</span> 
     </span>
     <span class='ocr_line' id='line_1_25' title="bbox 504 4497 1238 4590; baseline 0.004 -23"><span class='ocrx_word' id='word_1_132' title='bbox 504 4497 583 4567; x_wconf 83' lang='lat' dir='ltr'>Falsi</span> <span class='ocrx_word' id='word_1_133' title='bbox 601 4498 704 4568; x_wconf 88' lang='lat' dir='ltr'>arabis</span> <span class='ocrx_word' id='word_1_134' title='bbox 721 4499 802 4568; x_wconf 87' lang='lat' dir='ltr'>valis</span> <span class='ocrx_word' id='word_1_135' title='bbox 820 4508 923 4569; x_wconf 88' lang='lat' dir='ltr'>sectae</span> <span class='ocrx_word' id='word_1_136' title='bbox 942 4500 1106 4569; x_wconf 88' lang='lat' dir='ltr'>mendacia</span> <span class='ocrx_word' id='word_1_137' title='bbox 1125 4501 1238 4590; x_wconf 87' lang='lat' dir='ltr'>turpis,</span> 
     </span>
    </p>

    <p class='ocr_par' dir='ltr' id='par_1_12' title="bbox 504 4621 1358 4838">
     <span class='ocr_line' id='line_1_26' title="bbox 504 4621 1358 4734; baseline 0.005 -44"><span class='ocrx_word' id='word_1_138' title='bbox 504 4621 591 4706; x_wconf 89' lang='lat' dir='ltr'>Quae</span> <span class='ocrx_word' id='word_1_139' title='bbox 610 4641 666 4690; x_wconf 92' lang='lat' dir='ltr'>nos</span> <span class='ocrx_word' id='word_1_140' title='bbox 685 4621 853 4722; x_wconf 89' lang='lat' dir='ltr'>insimulat,</span> <span class='ocrx_word' id='word_1_141' title='bbox 874 4642 967 4693; x_wconf 89' lang='lat' dir='ltr'>caeco</span> <span class='ocrx_word' id='word_1_142' title='bbox 984 4623 1163 4692; x_wconf 88' lang='lat' dir='ltr'>stimulante</span> <span class='ocrx_word' id='word_1_143' title='bbox 1182 4622 1289 4694; x_wconf 89' lang='lat' dir='ltr'>lurore</span> <span class='ocrx_word' id='word_1_144' title='bbox 1353 4715 1358 4734; x_wconf 40' lang='grc' dir='ltr'>Ι</span> 
     </span>
     <span class='ocr_line' id='line_1_27' title="bbox 504 4746 1333 4838; baseline 0.005 -24"><span class='ocrx_word' id='word_1_145' title='bbox 504 4746 538 4814; x_wconf 94' lang='lat' dir='ltr'>ln</span> <span class='ocrx_word' id='word_1_146' title='bbox 558 4765 615 4814; x_wconf 91' lang='lat' dir='ltr'>nos</span> <span class='ocrx_word' id='word_1_147' title='bbox 632 4747 808 4816; x_wconf 89' lang='lat' dir='ltr'>immeritos</span> <span class='ocrx_word' id='word_1_148' title='bbox 825 4768 943 4819; x_wconf 89' lang='lat' dir='ltr'>vacuos</span> <span class='ocrx_word' id='word_1_149' title='bbox 961 4757 993 4818; x_wconf 87' lang='lat' dir='ltr'>et</span> <span class='ocrx_word' id='word_1_150' title='bbox 1010 4749 1152 4828; x_wconf 91' lang='lat' dir='ltr'>crimine,</span> <span class='ocrx_word' id='word_1_151' title='bbox 1173 4769 1333 4838; x_wconf 91' lang='lat' dir='ltr'>nunquam</span> 
     </span>
    </p>
   </div>
   <div class='ocr_carea' id='block_1_8' title="bbox 504 4868 1291 4958">
    <p class='ocr_par' dir='ltr' id='par_1_13' title="bbox 504 4868 1291 4958">
     <span class='ocr_line' id='line_1_28' title="bbox 504 4868 1291 4958; baseline 0.003 -19"><span class='ocrx_word' id='word_1_152' title='bbox 504 4868 649 4957; x_wconf 84' lang='lat' dir='ltr'>Suspicio</span> <span class='ocrx_word' id='word_1_153' title='bbox 667 4875 728 4936; x_wconf 89' lang='lat' dir='ltr'>lam</span> <span class='ocrx_word' id='word_1_154' title='bbox 747 4891 841 4958; x_wconf 88' lang='lat' dir='ltr'>prava</span> <span class='ocrx_word' id='word_1_155' title='bbox 860 4879 926 4952; x_wconf 88' lang='lat' dir='ltr'>tuo,</span> <span class='ocrx_word' id='word_1_156' title='bbox 946 4872 1024 4953; x_wconf 78' lang='lat' dir='ltr'>lien,</span> <span class='ocrx_word' id='word_1_157' title='bbox 1045 4873 1140 4942; x_wconf 90' lang='lat' dir='ltr'>corde</span> <span class='ocrx_word' id='word_1_158' title='bbox 1158 4872 1291 4943; x_wconf 87' lang='lat' dir='ltr'>sederet.</span> 
     </span>
    </p>
   </div>
   <div class='ocr_carea' id='block_1_9' title="bbox 0 0 1704 5372">
    <p class='ocr_par' dir='ltr' id='par_1_14' title="bbox 0 0 1704 5372">
     <span class='ocr_line' id='line_1_29' title="bbox 0 0 1704 5372; baseline 0 0"><span class='ocrx_word' id='word_1_159' title='bbox 0 0 1704 5372; x_wconf 95' lang='lat' dir='ltr'> </span> 
     </span>
    </p>
   </div>
  </div>
 </body>
</html>
