3384 5370
845 423 996 470 tt'slAltAl:

852 617 947 743 ,Ν

424 945 509 1035 Ergo
528 965 586 1034 age
603 944 682 1025 Rex,
703 942 794 1032 cujus
813 943 859 1012 vel
878 942 1013 1012 nominis
1031 942 1146 1012 umbra
1165 943 1277 1012 timore

424 1068 559 1159 Impedit
577 1089 594 1138 a
614 1088 709 1138 cursu
726 1066 883 1138 Molucam
902 1075 933 1135 el
951 1065 1104 1155 compede
1123 1066 1203 1134 sistit

424 1192 566 1284 Egelido‚
583 1193 650 1282 jam
669 1211 781 1282 rumpe
799 1210 916 1272 monn,
935 1209 1049 1280 rumpe
1067 1191 1141 1271 otia,
1160 1209 1280 1280 pennas

351 1321 353 1326 '
425 1317 533 1398 lndue,
553 1315 703 1386 Castellae
721 1314 916 1384 miserandas
935 1313 1057 1404 respice
1076 1323 1201 1404 gentes;

425 1440 514 1510 Aller
532 1459 639 1530 opem,
659 1440 685 1508 si
703 1438 793 1508 vultu
811 1438 902 1507 hilari
922 1457 1002 1528 quae
1022 1437 1111 1526 signa
1130 1436 1272 1506 relucent

380 1579 383 1585 ·
426 1563 501 1634 Fida
520 1573 658 1644 manent,
677 1581 852 1653 verumque
871 1561 969 1652 patris
987 1569 1141 1632 testantur
1160 1579 1314 1642 amorem,

425 1689 525 1778 Perge
543 1697 643 1778 pater,
663 1707 806 1778 propera,
828 1687 956 1778 paulum
974 1687 1000 1756 si
1020 1694 1091 1758 vota
1110 1685 1255 1765 moreris,

427 1811 485 1882 Cui
505 1812 567 1882 lens
585 1812 748 1892 auxilium,
765 1813 831 1901 jam
850 1832 913 1881 non
932 1811 992 1880 erit
1011 1810 1062 1880 ille
1080 1817 1250 1900 superstes.

890 2171 951 2234 W

429 2435 512 2504 Talis
531 2442 597 2504 erat
616 2435 736 2526 species
753 2436 817 2505 oris
836 2455 908 2506 oum
927 2442 1046 2505 moesta
1065 2441 1228 2524 parentem

429 2559 557 2640 Orabat,
580 2559 681 2650 qtralis
694 2560 838 2641 Veneris,
858 2580 930 2631 cum
949 2561 1046 2630 tristis
1065 2557 1199 2650 Olympo

428 2685 510 2755 Ante
529 2685 650 2766 lovem,
670 2694 744 2754 nato
762 2683 886 2754 Aeneae
904 2685 1001 2754 maria
1021 2683 1080 2754 alta
1100 2683 1215 2754 secanti

429 2809 559 2901 Optatos
576 2819 697 2890 ventos,
718 2819 749 2879 et
768 2810 871 2879 littora
890 2817 956 2879 tuta
976 2809 1101 2900 petebat
1108 2833 1117 2892 ;

429 2934 531 3017 Quam
549 2941 639 3024 pater
657 2934 817 3024 excipiens
835 2943 940 3002 motus
959 2933 1083 3023 pictate,
1106 2935 1228 3002 corusci

430 3058 583 3128 Fulminis
600 3058 760 3149 abjiciens,
780 3058 870 3148 queis
887 3057 995 3126 nubila
1014 3057 1165 3138 concutit,
1186 3057 1288 3147 ignes,

429 3182 549 3252 Annuit
567 3184 743 3274 indulgens
764 3184 917 3274 permittit
935 3191 967 3253 et
985 3183 1087 3254 omnio
1106 3183 1200 3263 votis,

430 3305 534 3396 Atque
553 3311 674 3378 minora
692 3310 756 3399 poti
775 3309 886 3388 doluit,
906 3307 1025 3378 maiora
1043 3307 1185 3376 daturus.

887 3666 960 3729 Μ

430 3930 562 4020 lamque
581 3933 663 4000 acies
680 3930 761 4010 latis,
782 3951 861 4021 quos
879 3929 1029 4020 conspicit
1047 3929 1163 4009 Ebora,
1184 3930 1304 4019 corripis

429 4054 564 4143 Agmine
582 4056 751 4125 densantur
769 4057 867 4134 sario,
888 4053 1069 4144 bellrunque
1087 4053 1262 4136 minantum

429 4177 498 4246 larn
518 4178 639 4260 thorax,
659 4178 854 4268 gladiusque,
875 4187 906 4248 et
924 4179 1030 4248 lancea
1050 4176 1116 4247 sole
1134 4185 1287 4259 commeat,

431 4302 570 4392 insignes
588 4302 724 4393 phaleris
743 4303 918 4372 hinnitibus
936 4323 1009 4372 aera
1028 4302 1152 4392 pulsant

376 4433 378 4436 ’
430 4425 593 4514 Alipedcs;
614 4447 726 4516 mappa
745 4425 885 4496 induitur
905 4425 978 4496 tuba
996 4426 1109 4496 martia
1126 4426 1234 4505 rubra,

367 4563 376 4586 ·
429 4549 470 4617 Et
489 4549 635 4639 clangore
653 4551 712 4620 ciet
730 4551 852 4624 resides
867 4551 899 4620 in
918 4552 1035 4642 praelia
1054 4571 1174 4630 sensus,

430 4673 596 4763 impellens
615 4678 718 4744 sonitu
737 4677 844 4766 grauia
865 4695 962 4756 arma,
983 4683 1013 4745 et
1032 4676 1166 4745 concitat
1185 4674 1264 4744 iras:

430 4799 575 4868 Terribili
597 4821 743 4888 percussa
763 4822 839 4870 sono
858 4821 930 4870 cara
949 4819 1021 4869 saxa
1040 4799 1202 4868 resultant.
