3384 5372
945 473 1096 522 bosianus

994 731 1045 792 xv

527 992 705 1063 Postumius
722 991 830 1061 oonsul
849 999 969 1061 tautum
987 1011 1048 1061 non
1068 992 1180 1062 claruit
1198 993 1262 1073 ille,

527 1115 675 1186 Caudinis
693 1115 850 1208 quondam
869 1119 923 1207 qui
942 1117 1037 1188 lurois
1056 1118 1195 1208 undique
1214 1139 1353 1208 prossus,

526 1239 681 1310 Samnites
699 1241 795 1321 sensit
813 1241 960 1322 viatores
981 1261 1077 1332 seque
1095 1262 1231 1332 suosque

527 1363 645 1443 Victus,
665 1373 759 1454 atque
774 1364 852 1455 jugo
870 1364 1054 1435 submittere
1073 1365 1151 1435 oolla
1169 1373 1306 1436 coaetos:

526 1488 584 1557 Hie
603 1489 667 1559 luat
685 1498 719 1557 ut
737 1489 844 1579 populi
862 1510 990 1580 poenas,
1011 1489 1208 1580 redimatque
1226 1489 1394 1580 pudorem,
1418 1476 1424 1494 ’

527 1613 667 1683 Devovet
685 1615 801 1683 invicto
818 1635 852 1684 se
870 1614 972 1684 solum
989 1623 1131 1705 pectore:
1152 1625 1268 1695 noster,

527 1738 568 1807 Et
586 1757 654 1808 sese
673 1745 704 1806 et
723 1759 822 1820 caros,
842 1759 898 1808 sua
916 1739 1019 1809 dulcia
1037 1741 1180 1829 pignora,
1200 1747 1299 1821 natos

528 1863 668 1934 Uxorem
686 1863 791 1944 simul,
811 1865 978 1946 insontem,
999 1885 1079 1956 quae
1098 1865 1232 1934 maxima
1251 1885 1350 1956 poena
1369 1873 1425 1934 est.

991 2223 1054 2284 xvl

528 2481 701 2571 Egressum
719 2481 838 2552 insidiis
854 2481 938 2552 buno
957 2447 1125 2563 eemis‚⁸ut
1144 2483 1251 2553 obruit
1269 2485 1364 2552 armis

530 2605 683 2674 bellaoem
702 2625 809 2695 regem
827 2605 917 2696 longa
935 2606 1095 2676 obsidione
1114 2606 1286 2676 furentem:

530 2728 662 2820 larnqoe
679 2751 773 2800 manu
791 2740 916 2821 captum
933 2741 1019 2801 tenet
1037 2731 1100 2812 ille,
1120 2740 1151 2801 et
1170 2731 1282 2801 liberat
1301 2751 1422 2802 arcem:

528 2853 702 2944 Egregium
719 2854 847 2936 lacinus
869 2855 953 2946 quod
971 2857 1054 2926 Mars
1072 2854 1131 2925 sibi
1149 2855 1294 2924 vendicet
1312 2856 1393 2946 ipse!

530 2977 580 3046 En
598 2976 708 3048 ductor
727 2978 834 3049 elassis
852 2979 1037 3050 metuendos
1055 2979 1197 3049 fulminat
1213 2966 1331 3062 hostes,

531 3101 628 3183 mne,
648 3103 741 3172 etiarn
759 3104 862 3194 pelagi
879 3103 1048 3193 profligans
1066 3123 1224 3173 marmore
1241 3104 1384 3174 Mauros:

531 3226 658 3297 Exultat
675 3229 787 3318 palma,
807 3231 966 3319 captisque
985 3227 1181 3297 triremibus:
1203 3229 1256 3298 olli

533 3350 673 3420 Debetur
690 3353 810 3442 primae
829 3353 946 3422 navalis
965 3353 1078 3422 adorea
1095 3373 1229 3443 pugnae.

996 3686 1072 3772 xvu

534 3971 593 4040 llio
610 3979 657 4041 est
674 3970 726 4041 ille
744 3971 826 4041 Fuas
844 3971 1027 4060 Roupinim‚
1047 3970 1099 4040 ille
1117 3970 1251 4062 rebrlget

535 4097 596 4181 Qui
612 4100 706 4174 11111,
726 4095 899 4185 pelagoque
917 4094 1021 4174 simul,
1039 4095 1187 4165 Mavortis
1206 4095 1238 4163 in
1256 4103 1324 4164 arte

534 4220 743 4310 Conspicuus:
762 4239 887 4289 mauras
903 4221 1067 4289 instructas
1085 4227 1177 4309 gente
1195 4220 1340 4290 triremes

535 4345 733 4435 Consumpsit
750 4344 893 4426 llammis,
908 4342 1019 4414 Abilae
1036 4364 1135 4435 prope
1153 4343 1289 4413 eulmina
1305 4347 1430 4415 montis

536 4471 619 4540 Bella
636 4471 696 4539 ciet
714 4488 824 4538 rursus
840 4488 1000 4559 nunquam
1018 4469 1160 4550 lassatus,
1180 4477 1211 4538 et
1228 4487 1330 4557 usque

536 4595 597 4664 Pro
614 4595 713 4683 patria
730 4614 882 4684 pugnam,
901 4595 1030 4684 ipsaque
1047 4597 1080 4662 in
1096 4601 1198 4662 morte
1216 4611 1357 4661 serenus.

535 4717 643 4787 Evolat
660 4735 699 4786 eu
717 4720 818 4786 anima
835 4717 960 4787 mortali
978 4737 1017 4787 ex
1035 4736 1170 4797 earcere,
1194 4717 1316 4796 victrix,

536 4841 605 4910 Non
623 4841 702 4928 vista
720 4861 736 4910 1
755 4843 883 4921 llauris,
903 4842 1052 4931 coeloque
1071 4848 1196 4930 recepta
1214 4841 1396 4930 triumphat.
