3406 5378
594 485 683 532 Llllllll
703 485 836 533 DECIMUS

694 743 740 804 Cll

217 995 338 1076 Exinde
353 1003 534 1076 nsanorum
552 1003 654 1095 Caput
671 1006 770 1076 altum
788 1024 895 1086 ceme‚
914 1006 1032 1076 recenti

217 1129 320 1214 Quem
338 1129 578 1200 llnssandanum
597 1128 764 1220 designant
779 1131 907 1200 nnmine
924 1138 1050 1200 nautae.

218 1253 284 1324 Hic
302 1254 390 1324 lacus
409 1253 597 1344 ingreditur,
619 1273 715 1344 quem
734 1253 851 1324 clandit
868 1253 990 1345 persica
1008 1253 1112 1334 tellus,

218 1376 324 1469 Atque
338 1376 481 1450 Arabum
498 1379 599 1470 regin,
619 1379 712 1470 pleno
731 1398 808 1470 quas
826 1379 915 1472 mpla
933 1397 1032 1449 ccmu

218 1501 314 1573 Dltat.
330 1502 442 1574 Nonne
460 1502 550 1575 uides
567 1504 760 1576 Baharemus
778 1513 814 1574 ut
832 1504 932 1574 insuta
948 1503 1081 1574 lundurn

217 1625 309 1698 Clara
326 1647 432 1709 suum,
452 1647 598 1720 sparsum
616 1628 751 1719 gemmis
769 1627 996 1698 immitantibus
1013 1629 1102 1719 ignes

218 1748 361 1822 Aurorae
378 1771 496 1832 roseos,
515 1753 673 1844 ostentet?
690 1752 781 1822 Nunc
798 1752 909 1843 aspicis
926 1771 991 1822 uno

218 1875 269 1946 lre
286 1875 373 1946 aditu
392 1875 488 1946 salsas
506 1875 713 1966 Euphratem,
733 1885 766 1946 et
783 1875 892 1967 Tigrin
912 1875 950 1946 ad
968 1875 1079 1946 undas.

686 2238 743 2300 Clll

218 2501 331 2574 Nobile
348 2502 518 2572 Persarum
537 2521 673 2594 regnum
691 2503 806 2592 aspice,
826 2502 925 2573 limite
943 2501 1036 2592 lungo

218 2627 415 2708 Pretentum
436 2626 520 2718 qnod
538 2627 655 2718 gaudet
673 2627 775 2718 equis,
795 2625 960 2717 cladesque
977 2627 1133 2696 minatur:
1178 2605 1190 2630 ⁶

218 2749 310 2822 Nulla
324 2749 434 2842 juvant
452 2751 522 2821 illos
539 2759 695 2820 tormenta
713 2757 767 2821 aut
785 2749 926 2820 machina
944 2749 1031 2830 belli,

219 2872 455 2966 Annorumque
472 2874 581 2944 volunt
599 2873 768 2944 durescere
786 2873 925 2964 pondere
943 2872 1097 2944 membra.

217 2999 321 3071 Insula
340 2999 532 3090 conspicitur
550 2997 716 3068 Gerunum
734 2997 802 3068 hic:
823 2997 927 3088 aspice
945 3005 1098 3088 quantum

216 3122 345 3195 Cunctis
363 3125 395 3194 in
413 3123 510 3195 rebus
527 3124 631 3214 penul
648 3131 773 3194 mutare
790 3131 944 3194 necmias:

218 3248 339 3319 lluruit
357 3249 408 3319 hic
425 3248 539 3340 opibus
556 3247 681 3338 magnis
698 3245 854 3317 llrmusia
864 3246 1024 3337 quondam

218 3372 384 3444 Gerunum
402 3371 541 3444 celebrat
559 3392 644 3444 nunc
662 3371 730 3443 illas
749 3371 829 3443 lama
848 3391 1004 3463 peroras.

685 3730 746 3796 clv

219 3995 278 4066 llic
296 4015 330 4066 se
347 3995 478 4068 Menesii
496 3995 598 4064 virtus
616 4013 769 4085 generosa
788 3993 923 4084 Philippi

218 4121 326 4194 lllnltis
344 4122 376 4190 in
394 4121 511 4212 pugnis
529 4139 562 4190 se
580 4119 698 4190 claram
716 4117 859 4189 ostendet
877 4127 909 4188 et
926 4136 1042 4198 acrem,

218 4247 337 4332 Quum,
357 4245 478 4315 Lusum
495 4245 608 4335 exigui
626 4241 727 4314 fundit
745 4242 911 4312 comitante
930 4245 1065 4322 caterva,
1132 4218 1134 4224 ’

216 4371 403 4442 Innumeras
421 4372 503 4442 acies
519 4370 689 4440 Persarum
709 4377 742 4437 et
759 4367 874 4438 robora
893 4367 1003 4436 Larae.

216 4496 357 4570 Vulnera
376 4518 451 4568 mon
469 4496 562 4588 gladii
582 4495 685 4566 cuncti
704 4493 908 4584 experientur
925 4501 958 4563 et
976 4492 1069 4573 ictuc,

217 4623 318 4708 Quem
337 4623 452 4692 Petrus
469 4643 486 4690 a
505 4623 607 4692 Scusa
624 4619 728 4690 bellax
745 4619 935 4709 stringitque
953 4625 1114 4708 rotatque;

217 4748 279 4833 Qui
299 4747 363 4818 dux
379 4720 553 4836 Ampazam
568 4745 646 4836 jam,
666 4743 757 4813 lortis
775 4743 906 4813 lulmine
924 4742 1065 4822 dextrae,

217 4871 373 4942 l'nnditirs
392 4871 555 4940 attonitam
574 4870 674 4938 uictor
692 4875 907 4958 prostrauerat
924 4865 1050 4937 urbem.
