3384 5370
569 567 657 614 tinnit
677 569 819 623 tpdntrrt's

648 819 737 886 xrvttt

197 1088 321 1156 Scilicet
340 1089 367 1156 is
386 1085 476 1156 voltis
495 1087 560 1156 llex
579 1087 705 1176 obtigit,
728 1087 940 1184 illinsaeqnet

197 1213 240 1283 Ut
260 1214 406 1281 virtutem
425 1212 520 1280 animi
539 1212 642 1282 virtus
660 1211 685 1280 si
705 1220 818 1292 vestra,
839 1212 966 1280 domare
1088 1199 1092 1208 ¹

59 1413 65 1434 ι
196 1337 265 1405 lam
285 1337 375 1408 liceat
394 1335 547 1426 quidquid
565 1335 681 1415 lubeat,
703 1335 819 1404 nedum
838 1336 930 1406 istius
948 1336 1046 1405 hostis

196 1459 342 1550 Agmina,
364 1480 457 1550 quem
478 1443 570 1530 tantis
589 1460 754 1530 domuistis
773 1459 914 1530 cladibus
933 1461 1020 1530 olim.

197 1583 231 1652 Si
250 1592 355 1653 tamen
373 1584 431 1653 hae
449 1583 589 1673 gelidum
608 1584 748 1654 nondum
767 1563 886 1654 ratione
905 1585 1052 1654 timorem

197 1707 329 1788 Mittitis,
350 1717 444 1798 atque
462 1709 545 1778 ensis
563 1729 662 1798 paror
680 1709 791 1778 anxins
810 1707 934 1778 ossibus
953 1708 1073 1787 haeret,

198 1831 343 1920 Linquite
362 1830 460 1912 ltella;
481 1851 593 1902 manus
612 1831 703 1901 rolris
722 1834 816 1902 timor
835 1832 939 1922 alliget
959 1832 1029 1912 iste,

198 1956 331 2046 Semper
347 1977 407 2042 ego
422 1967 649 2047 externumque
661 1957 774 2048 jugum
791 1959 1021 2057 imperiumque
1036 1977 1191 2027 recusem.

662 2317 726 2377 xtx

200 2579 289 2650 Unus
308 2599 377 2669 ego,
399 2579 490 2649 tnrlta
510 2581 632 2650 socium
652 2580 786 2669 stipante
804 2581 967 2659 clientum,

200 2702 266 2773 Hoc
285 2723 359 2773 ense
374 2701 424 2794 (ac
442 2703 583 2774 medium
602 2693 769 2793 destringit
787 2703 926 2772 fervidus
945 2703 1065 2794 ensem)

199 2829 265 2898 Hoc
284 2849 419 2917 regnum
436 2837 584 2900 externae
603 2812 765 2918 nunquam
784 2829 921 2908 ditionis,
942 2828 981 2898 ab
1000 2829 1101 2910 hoste,

199 2949 237 3021 Vi
255 2943 357 3022 valida
377 2952 559 3042 aggreditur
578 2952 632 3042 qui
651 2952 751 3022 liltore
769 2951 855 3033 colla,
877 2951 1003 3033 tuebor,
1042 2927 1048 2940 ¹

197 3075 355 3165 Auspiciis
374 3075 482 3166 Regio,
502 3077 621 3167 patriae
640 3077 812 3146 moerentis
830 3096 948 3156 aurore,

197 3199 238 3269 Et
255 3199 329 3270 fidei
347 3201 463 3282 studio,
483 3201 572 3291 cujus
591 3200 761 3271 delendere
780 3221 906 3271 causam
1008 3212 1013 3224 ’

200 3323 261 3394 Vos
280 3326 376 3414 piget,
398 3325 455 3395 hos
473 3317 608 3406 uincam,
630 3346 738 3396 coram
757 3345 837 3416 quos
855 3325 995 3407 cernitis,
1015 3324 1132 3405 hostes,
1192 3359 1197 3369 ·

198 3449 330 3539 insuper
348 3459 379 3518 et
399 3458 552 3540 quotquot
571 3469 604 3518 se
624 3450 702 3538 Regi
722 3470 881 3540 opponere
900 3458 1032 3520 tentent.

668 3811 722 3872 XX

197 4071 354 4144 Centum
374 4072 522 4163 reliquias
541 4071 713 4142 Cannensis
732 4071 841 4152 cladis,
861 4074 957 4141 atroci
976 4083 982 4086 “

196 4199 336 4269 Turbine
355 4198 511 4289 disjectas,
532 4197 647 4270 Canusi
666 4199 773 4269 videre
791 4205 930 4287 penates,

198 4323 379 4393 Romulidas
397 4323 523 4403 tractos
543 4344 654 4413 magna
673 4342 885 4412 concussaque
903 4321 998 4392 ccede

196 4447 300 4517 Corda
319 4447 391 4517 duci
410 4468 478 4518 seso
496 4448 678 4520 meditantia
697 4447 829 4518 tradere
843 4466 957 4536 poeno,

197 4573 353 4664 Opposuit
372 4573 492 4643 timidis
510 4575 656 4644 strictum
675 4573 840 4642 Cornelius
859 4591 980 4652 ensem,

197 4696 456 4787 Confirmansque
475 4697 606 4777 animos,
626 4697 732 4786 jurare
751 4697 784 4766 in
802 4693 899 4766 verba
919 4696 1033 4784 coegit,

196 4823 238 4892 Se
257 4822 323 4892 lore
341 4830 462 4892 tutores
481 4823 612 4912 patriae,
632 4829 831 4910 mortemque
850 4828 975 4908 paratos

198 4945 280 5016 Ante
299 4946 376 5036 pati,
396 4945 516 5016 Romae
535 4966 629 5035 quam
648 4945 711 5014 vivi
731 4943 866 5033 prodere
882 4941 964 5029 jura.

308 5062 333 5099 10
