3384 5370
573 455 809 502 mmmmm

680 711 715 772 t't

195 979 314 1071 'donam
334 976 424 1054 inter,
444 973 562 1042 Cancer
582 973 631 1042 cui
652 974 793 1042 t'erridns
812 974 955 1063 imperat,
976 977 1059 1044 unde

197 1103 325 1170 Limitat
344 1099 502 1169 Arcturus
522 1099 659 1188 spatium
679 1097 846 1168 remeabile
865 1098 1003 1178 Phoebo,

198 1225 302 1315 ¹itque
322 1225 413 1292 aliam
432 1233 553 1292 tantum
572 1243 651 1313 qnae
671 1222 787 1312 frigore
806 1243 899 1292 saeva
919 1224 1056 1313 rigescit.

197 1349 329 1418 Ardenti
350 1358 500 1439 quantum
520 1348 664 1416 fervescit
682 1347 799 1416 torrida
819 1349 901 1428 3313;

197 1473 310 1563 Magna
329 1473 441 1541 animis
460 1473 586 1562 Europa
602 1473 695 1561 jacet,
716 1491 810 1560 quam
829 1471 941 1540 circuit
960 1471 1084 1541 Arctos.

197 1600 264 1680 Qua
284 1597 372 1666 nitct.
392 1597 594 1686 occiduisque
614 1603 707 1685 caput
726 1596 773 1664 331
793 1595 897 1664 obruit
915 1595 1021 1676 undis,

198 1722 361 1792 Undarum
380 1720 523 1790 Oceanus
543 1729 647 1811 patcr;
668 1730 698 1789 et
718 1741 779 1811 qua
798 1721 927 1810 respicit
945 1721 1108 1792 Austrum.

200 1844 317 1914 Circuit
336 1845 366 1913 id
387 1846 518 1913 mixtum
540 1847 631 1913 terris
652 1845 735 1933 qnod
754 1844 869 1912 dicitnr
888 1865 1015 1934 aequor.

666 2200 714 2263 W

197 2465 286 2533 Parte
304 2464 377 2553 poti,
398 2483 458 2551 333
478 2462 524 2531 331
542 2462 658 2539 oriens,
678 2463 831 2532 illuminat
849 2461 969 2537 orbem.

196 2589 252 2656 Est
270 2588 372 2657 vicina
390 2585 498 2656 Asiae:
520 2589 576 2654 sed
596 2587 648 2676 qui
668 2585 885 2655 dementibus
909 2589 1010 2686 amnis

196 2713 301 2781 Cursu
318 2711 465 2801 Riphaeis
485 2711 593 2800 rapido
614 2731 647 2780 se
667 2711 792 2789 evolvit,
812 2718 843 2778 et
863 2710 963 2780 undas

195 2837 340 2905 Maeotidi
360 2837 478 2925 gelidas
497 2835 578 2905 lacui
596 2835 961 2924 committit-utramque

197 2961 323 3040 Dividit,
344 2969 375 3028 et
393 2959 534 3028 tumidus
553 2959 722 3028 metuendo
742 2959 867 3048 gurgite
886 2967 1011 3047 pontus.

196 3084 253 3154 Cui
272 3085 337 3154 1333
356 3082 490 3154 terribili
511 3085 667 3152 dominata
686 3090 734 3153 est
753 3083 883 3152 Graecia
902 3082 1014 3164 classe.

196 3209 297 3279 Nauta
316 3208 369 3278 ubi
389 3209 562 3281 Dardaniae
582 3209 727 3298 retegens
746 3209 886 3296 vestigia,
906 3207 1016 3295 Trojac

196 3333 364 3423 Reliiqnias
384 3334 483 3402 331133
501 3334 610 3402 ceruit.
630 3355 726 3422 33333
744 3339 849 3400 mente
864 3333 994 3400 vultitat.

659 3689 718 3750 W!

196 3954 264 4037 Qua
282 3955 408 4044 gelidus
427 3953 521 4044 capiti
541 3961 624 4022 recta
644 3954 734 4043 polus
754 3953 902 4032 imminet,
923 3950 985 4020 11113

196 4077 338 4147 Crdmina
358 4076 554 4168 Hyperborei
574 4077 685 4146 tollunt
704 4076 850 4146 sublimia
870 4085 1008 4156 montes3

196 4203 239 4271 lili
261 4203 364 4283 etiam,
384 4203 504 4272 crebris
523 4223 604 4292 quos
622 4201 748 4271 datibus
766 4202 884 4273 Aeolus
903 4210 1005 4291 urget.

195 4329 282 4412 Quos
301 4327 424 4416 insigne
442 4335 528 4396 notat
547 4327 716 4398 deductum
735 4348 753 4395 a
771 4327 896 4397 flamine
914 4347 1038 4397 nomen.

194 4451 270 4520 Tam
289 4453 398 4542 procul
418 4452 468 4521 hic
487 4453 569 4521 lucet
588 4452 635 4521 sol
655 4452 767 4542 igneus
786 4460 996 4520 3333333313.

195 4575 272 4644 Tam
290 4577 403 4645 minuit
421 4577 531 4645 rutilas
552 4576 642 4667 spatii
661 4576 807 4645 distantia
827 4575 920 4654 vireo,

195 4699 264 4769 Alta
284 4710 319 4770 ut
338 4703 484 4770 continuo
500 4701 576 4790 juga
594 4701 647 4769 nix
665 4708 810 4770 montana
829 4707 967 4778 coronet,

194 4823 234 4892 Et
253 4825 351 4915 rigeat
371 4827 511 4915 pelagus,
533 4825 652 4913 rigeant
673 4833 704 4894 ct
723 4824 839 4910 frigore
859 4822 960 4892 fontes
