3384 5370
863 479 1015 526 testante

860 735 1017 800 LXXXVll

442 1001 520 1082 lbat,
540 1010 575 1070 ut
593 999 708 1070 auxilio
727 999 818 1069 sociis
836 998 917 1069 toret
936 998 1037 1067 addita
1056 997 1179 1078 turmis,

442 1126 528 1210 Quas
545 1125 731 1194 Fredcricus
750 1125 823 1212 agit,
844 1120 962 1192 barbae
980 1123 1019 1191 de
1040 1121 1164 1191 nomine
1184 1121 1301 1191 rubrae

443 1248 665 1328 Aenobarbum
686 1267 774 1316 amor
792 1246 932 1314 stimulat
950 1244 1117 1314 defendere
1135 1265 1245 1314 muros

443 1373 551 1453 Urbis,
572 1393 635 1463 qua
652 1370 797 1440 Christus
815 1369 952 1438 moriens
970 1388 1026 1438 nos
1044 1369 1313 1450 morte=redemit3

443 1498 599 1588 Tempore
619 1515 682 1588 quo
700 1493 832 1574 Guidus,
853 1492 988 1562 llammis
1005 1493 1073 1562 sitis
1091 1511 1186 1582 aeger
1204 1492 1342 1571 anhelae,

444 1621 549 1711 Seque
568 1639 705 1710 suosque
724 1617 795 1688 duci
813 1616 961 1687 Saladino
980 1615 1118 1696 tradidit,
1139 1615 1239 1685 undas

445 1745 549 1814 Hostis
566 1743 622 1813 ubi
639 1743 727 1832 largo
745 1741 872 1834 potabat
890 1741 1019 1811 llumine
1039 1741 1178 1821 Maurus,

445 1871 586 1954 Quarum
605 1866 815 1938 christiadum
833 1867 946 1957 pressit
965 1869 1095 1956 penuria
1114 1875 1225 1938 castra.

859 2225 1027 2288 LXXXVlll

449 2489 533 2558 llaec
552 2489 647 2578 igitur
665 2489 775 2578 Lysiae
794 2489 893 2558 tenuit
912 2507 991 2578 quae
1010 2487 1112 2558 littora
1132 2488 1238 2557 classis

448 2613 597 2682 Adversis
615 2613 747 2702 impulsa
765 2612 858 2692 notis,
879 2631 1008 2682 accensa
1026 2611 1130 2681 calore

447 2737 589 2817 Siderea,
610 2757 689 2827 quae
709 2737 788 2808 bella
807 2741 860 2827 pic
878 2747 1058 2829 susceperat
1076 2759 1166 2818 ausu,

447 2863 616 2931 Transtulit
634 2863 666 2931 in
684 2862 820 2942 Mauros,
840 2882 920 2952 quos
939 2862 1070 2932 Sancius
1089 2863 1211 2952 impetit
1229 2863 1346 2934 hostes.

447 2987 491 3057 Ut
510 2986 667 3076 quondam
686 2985 792 3056 classis
809 2965 993 3076 peregrinae
1012 2986 1200 3076 :llpbonsus
1220 2989 1350 3079 Ulyssis

447 3107 572 3179 Auxilio
590 3113 699 3192 tenuit,
720 3111 892 3200 conjunctis
911 3109 1040 3191 viribus,
1061 3110 1185 3180 urbem.

448 3233 579 3302 Saucius
597 3233 757 3324 adjunctae
776 3233 884 3323 Sylves
903 3236 945 3302 ita
965 3233 1079 3304 robore
1098 3236 1202 3304 classis

448 3356 599 3446 Occupat,
619 3367 649 3427 et
667 3357 792 3428 Mauros
812 3359 981 3448 agitatque,
1002 3359 1180 3449 premitque
1200 3359 1330 3430 feroces.

876 3715 1020 3780 LXXXIX

448 3980 512 4050 Nec
530 3979 634 4050 fixisse
652 3980 726 4050 satis
745 3999 853 4050 maura
873 3980 1023 4071 degente
1043 3989 1185 4072 tropaea;

447 4104 591 4175 Ulterius
608 4103 692 4173 bello
711 4104 864 4194 graditur,
884 4104 1066 4195 validosque
1084 4105 1220 4186 lacessit,

448 4229 534 4312 Quos
552 4228 647 4318 Legio
665 4230 774 4308 nutrit,
794 4228 938 4318 populos,
958 4237 989 4298 et
1007 4229 1119 4298 martia
1136 4237 1242 4300 versat

448 4352 589 4432 Pectora,
609 4371 689 4441 quae
708 4352 817 4440 positis
835 4351 964 4421 nonvult
982 4352 1185 4442 languescere
1203 4353 1311 4423 bellis:

447 4475 513 4546 Nec
531 4477 618 4564 prius
637 4473 768 4554 absistit,
788 4473 876 4544 tortis
894 4495 990 4566 quam
1008 4479 1193 4566 comprimat
1212 4475 1302 4544 urbis

448 4597 601 4668 Tudensis
618 4597 684 4669 lera
702 4598 780 4668 colla
795 4598 884 4689 jugo,
905 4619 985 4690 quae
1003 4601 1100 4669 sensit
1119 4599 1219 4668 amica

448 4721 570 4813 Oppida
589 4721 687 4793 multa
705 4723 785 4812 capi,
806 4731 838 4791 et
855 4723 954 4812 Lysiis
972 4721 1047 4792 dare
1064 4723 1143 4792 colla
1162 4722 1290 4802 catenis,

449 4847 549 4932 Quae,
568 4846 671 4926 Sanci,
692 4846 850 4916 indomitis
868 4855 901 4916 tu
920 4845 1032 4916 celsior
1050 4847 1166 4916 obteris
1185 4847 1290 4916 armis.
