3384 5372
598 445 689 492 LlliEil
707 445 809 494 Nonus

667 694 757 756 LXVI

212 955 271 1026 dst
290 956 401 1025 invicta
418 975 530 1026 manus
545 956 708 1047 juvenum,
728 957 851 1027 telluris
868 976 975 1027 amore

212 1080 335 1161 Exeita,
355 1081 607 1172 quamprimum
626 1081 757 1172 uestigia
775 1083 861 1173 ponit
879 1086 988 1152 arent:

212 1204 324 1274 Cuncti
344 1205 459 1274 audent
477 1213 643 1295 penetrare
662 1201 755 1286 looos‚'
776 1214 808 1275 et
826 1225 977 1296 quaerere
996 1206 1100 1296 gnavi,

211 1331 332 1399 Littore
349 1329 485 1409 deserto,
506 1329 603 1400 saltus
621 1329 783 1400 venatibus
801 1340 900 1420 aptos.

169 1439 172 1444 ’
212 1454 278 1524 Neo
297 1453 356 1525 sibi
374 1474 466 1544 posse
484 1462 595 1544 putant
613 1475 741 1525 nemora
759 1455 842 1525 inter
860 1455 989 1526 lrondea
1007 1456 1155 1545 praedam

212 1578 381 1670 Egregiam
398 1579 467 1648 sine
486 1573 601 1650 fraude
614 1579 693 1659 dari,
714 1581 780 1648 sine
799 1579 919 1650 retibus
935 1581 1032 1662 ultro,

213 1703 299 1787 Quae
317 1703 376 1773 sibi
394 1712 458 1773 tam
476 1703 583 1784 facilia,
604 1711 668 1773 tam
685 1703 810 1784 blanda,
830 1713 861 1774 11
879 1703 1021 1774 amabilis
1039 1713 1133 1786 esset,

213 1827 342 1911 Qualem
361 1835 437 1896 tune
455 1826 540 1897 silvis
557 1827 665 1898 ridens
683 1827 817 1918 Erycina
835 1833 971 1918 pararat.

639 2215 644 2226 ·
658 2186 759 2248 vatt

211 2449 297 2540 Ergo
316 2449 378 2529 alii,
399 2450 547 2540 seloppus
565 2449 645 2540 quos
663 2449 785 2520 terrens
802 2457 913 2529 annal,
933 2459 964 2519 et
983 2469 1085 2530 arcus,

212 2573 297 2657 Quos
316 2593 388 2665 spes
407 2581 492 2644 terta
511 2573 594 2644 subit
612 2573 738 2645 timidos
756 2573 914 2663 contigere
933 2593 1054 2654 cervos,

211 2697 397 2789 Praecipites
414 2697 532 2768 obeunt
550 2699 657 2778 saltos,
679 2698 864 2786 clausosque
881 2716 1034 2777 recessus

211 2823 261 2894 Ad
279 2844 409 2894 oursum
427 2823 559 2906 celeres,
579 2824 694 2894 hilares
712 2832 743 2894 et
760 2823 888 2892 vineere
907 2823 1001 2904 eerti3

211 2947 284 3020 Sole
302 2949 361 3019 sub
380 2948 500 3018 ardenti
518 2949 595 3018 dum
614 2956 736 3019 caetera
755 2944 848 3016 turba
866 2955 1008 3036 vagatur,

210 3073 373 3164 Vestigant
389 3073 530 3155 umbras
550 3080 674 3163 captant
692 3080 723 3142 et
741 3072 873 3142 amabile
891 3072 990 3162 frigus

209 3199 342 3289 Propter
360 3217 470 3290 aquas,
490 3206 622 3267 ourrunt
640 3216 720 3289 quae
738 3195 851 3267 blande
870 3197 901 3266 in
919 3197 1008 3268 littus
1024 3216 1183 3276 amenum,

211 3323 365 3394 Labeates
383 3321 471 3394 albos
489 3324 570 3392 inter
587 3322 765 3413 nitidosque
782 3321 919 3413 lapillos:

651 3681 763 3746 LXVlll

209 3946 365 4037 Incipiunt
382 3947 481 4016 oeulis
498 3945 603 4015 subito
621 3946 825 4036 distinguere,
846 3965 950 4015 ramos

210 4070 370 4142 Arboreos
387 4072 479 4152 inter,
499 4071 679 4144 diserimina
697 4080 784 4162 grata
804 4070 957 4150 colorum,

210 4197 295 4280 Quos
314 4197 398 4267 aoies
415 4197 513 4277 visus,
534 4215 614 4287 quae
632 4197 704 4265 talia
723 4195 821 4266 cernit
839 4197 978 4274 acutum,

210 4321 418 4405 Quantumvis
436 4321 565 4401 similes,
587 4329 671 4391 oerte
690 4327 784 4412 negat
802 4338 871 4389 esse
889 4337 1050 4399 rosarum3

209 4443 251 4514 tlt
268 4454 396 4515 tenuem
414 4445 528 4526 lanam,
549 4453 580 4516 et
598 4444 785 4536 bombyoina
803 4442 939 4533 tegmina
958 4451 1121 4525 monstrat,

210 4569 302 4640 Unde
320 4571 420 4660 magis
439 4572 551 4640 erescit
568 4570 753 4640 mortalibus
773 4567 866 4638 ardor
884 4569 1017 4650 amoris;

210 4695 308 4779 Queis
325 4695 477 4786 placitura
496 4695 572 4764 viris
590 4702 680 4765 ornat
699 4714 733 4764 se
751 4692 881 4785 pulchra
899 4691 1016 4783 puella,

208 4819 249 4889 Et
268 4822 315 4890 sie
334 4819 441 4890 solerti
459 4819 559 4890 multo
577 4820 613 4889 fit
630 4819 790 4909 prdebrior
808 4827 885 4887 arte.
