3406 5378
590 515 677 561 ututur
700 515 833 562 DECIMUS

642 771 772 833 CXXXII

218 1035 335 1127 Aspice
354 1038 415 1126 qua
433 1034 563 1125 peiagus
580 1053 614 1104 se
632 1034 692 1103 Iate
710 1032 842 1103 effundit
859 1033 972 1112 Eoum,

219 1160 314 1232 Multa
331 1179 389 1250 per
407 1161 590 1229 innumeros
606 1166 642 1227 ut
660 1159 817 1248 spargitur
835 1157 933 1228 insula
952 1165 1086 1227 tractus:

219 1283 331 1376 Aspice
348 1283 506 1364 Tidorem,
527 1282 768 1372 Tematemque,
789 1281 901 1372 igneus
920 1280 1003 1351 undo

219 1407 336 1478 Vertex
354 1407 508 1478 undantes
526 1415 648 1476 eructat
667 1408 698 1474 iu
717 1409 789 1476 abra
806 1405 962 1476 ssammas:

219 1533 277 1602 Hic
293 1533 428 1622 flagrare
446 1532 511 1602 suis
529 1531 668 1622 pulcbris
686 1531 874 1622 cariopbytIa
893 1529 1018 1601 videbis

218 1655 405 1736 Arboribus,
426 1676 505 1746 quae
522 1641 626 1725 Lusus
642 1654 744 1725 adbuc
762 1656 840 1725 teret
857 1662 961 1746 empta
979 1675 1107 1726 cruore:

218 1779 275 1849 Hic
294 1779 355 1849 alte
372 1780 504 1850 volitant
521 1780 677 1861 volucres,
697 1779 909 1870 pulcherrIma
927 1778 1031 1858 turba,

219 1906 305 1990 Quae
322 1926 484 1997 nunquam
502 1905 606 1984 terris,
627 1906 685 1975 nisi
703 1905 783 1974 facta
801 1905 964 1987 cadauera,
985 1904 1110 1975 sistunt.

640 2262 777 2326 CXXXIII

217 2525 321 2595 Insula
339 2525 424 2615 (sunt
442 2525 549 2614 piures
566 2525 626 2594 boc
644 2525 766 2594 Baodae
782 2525 910 2593 nomino
928 2526 1033 2615 uotae)

219 2651 302 2720 Haec
319 2649 419 2740 pingit
437 2650 575 2718 fructum
593 2647 691 2718 rubro
710 2648 839 2718 iocunda
858 2649 973 2717 colore.

219 2777 275 2845 HIc
294 2777 395 2870 pictae
414 2775 558 2845 volucres
576 2796 656 2865 quae
674 2776 811 2844 mulcent
830 2782 956 2864 pectora
974 2783 1077 2856 cantu,

218 2899 386 2970 Frondeoti
404 2898 523 2969 virides
541 2907 713 2968 vescuntur
731 2900 762 2967 in
782 2897 894 2969 arbore
912 2920 1018 2969 nuces.

216 3021 330 3114 Aspice
348 3023 517 3102 demeum,
537 3021 744 3113 lacrymarum
762 3007 851 3114 copia
868 3043 994 3112 semper

218 3147 275 3217 Cui
292 3155 447 3238 superest,
468 3147 552 3216 sicco
570 3148 725 3237 premitur
743 3168 842 3237 quum
861 3157 948 3238 gutta
965 3147 1087 3238 liquore

217 3270 408 3342 Arboribus:
428 3271 553 3361 populis
570 3271 646 3342 baec
665 3271 834 3361 camphora
852 3272 978 3352 dicitur,
999 3273 1081 3342 unde

217 3395 320 3466 Insula
336 3395 498 3485 praeclaro
515 3399 639 3486 peperit
657 3396 716 3467 sibi
735 3399 862 3466 nomine
881 3395 1004 3466 tamam.

640 3754 782 3817 cxxxiv

216 4017 280 4088 Nec
299 4015 410 4107 procui
429 4013 613 4095 est'Timor,
633 4017 753 4105 profert
772 4037 852 4107 quae
870 4015 1004 4098 sandala,
1026 4017 1147 4108 iignum

216 4141 338 4222 Nobile,
358 4140 442 4232 quod
461 4139 589 4210 morbos
608 4139 704 4230 pellit,
725 4139 807 4230 quod
826 4139 936 4230 ssagrat
953 4139 1060 4211 odore.

216 4262 331 4356 Aspice
349 4285 445 4356 quam
462 4265 522 4334 lata
541 4272 588 4334 est
607 4263 716 4334 sunda
734 4265 843 4346 insuia,
863 4263 953 4354 cujus
970 4267 1002 4335 in
1016 4264 1169 4338 Austrum

217 4388 368 4458 Tenditur
385 4386 523 4458 obscuro
542 4408 617 4478 pars
635 4408 697 4458 una
715 4387 839 4459 occulta
856 4407 993 4459 recessu.

217 4513 303 4597 Quae
320 4511 429 4602 procui
450 4532 467 4582 a
485 4511 598 4603 pelago
616 4532 694 4602 gens
712 4511 810 4603 degit,
829 4521 860 4582 et
878 4512 988 4582 intirna
1006 4513 1116 4584 lustrat

216 4637 397 4716 Terrarum,
418 4635 552 4706 celebris
569 4636 720 4708 miracula
737 4638 895 4728 praedIcat
911 4637 1022 4719 amnis,

215 4759 387 4830 Affirmans
404 4759 505 4841 illum,
525 4780 624 4851 quum
641 4761 730 4850 puris
748 4761 856 4832 defluit
873 4760 975 4841 undis,

215 4885 249 4956 In
267 4886 402 4976 lapidem
420 4885 553 4976 quodvis
570 4905 712 4956 mersum
730 4895 915 4957 conuertere
933 4881 1063 4977 lignum.
