3384 5370
928 451 1082 500 uusthuhu

980 711 1033 774 XV

510 976 641 1045 Terram
659 973 855 1045 circumdant
872 973 934 1044 lato
952 973 1103 1064 neptunia
1121 993 1235 1064 regna;

510 1101 602 1170 Parte
622 1099 808 1169 alienatum
824 1099 911 1190 jugis
929 1097 1139 1170 circumdedit
1158 1097 1228 1167 aitis

509 1225 644 1306 Moenia,
664 1225 720 1296 sed
738 1224 876 1294 mediam
893 1223 1004 1314 ingens
1022 1222 1134 1293 dividit
1149 1222 1336 1314 Apenninus

509 1348 617 1428 Oram‚
638 1369 731 1440 quam
750 1349 843 1418 claris
861 1348 999 1439 signavit
1015 1347 1115 1418 Roma
1133 1349 1282 1437 tropaeis.

509 1473 671 1544 Praesidot
690 1482 721 1542 at
738 1481 904 1564 postquam
923 1491 1070 1541 romanae
1089 1470 1226 1562 claviger
1243 1472 1308 1540 arci

508 1597 696 1676 Aetherem,
717 1596 814 1667 fortes
833 1597 964 1678 animos,
985 1595 1182 1685 Martemque
1201 1595 1335 1665 remisit.

509 1721 575 1790 Neo
590 1721 655 1811 iam
674 1741 708 1791 se
727 1721 872 1811 imperio,
893 1739 1002 1790 rerum
1020 1739 1079 1789 nec
1097 1719 1232 1788 cuhnine
1246 1717 1357 1810 jactat:

510 1845 649 1914 Demissi
668 1845 769 1914 virtus
787 1846 883 1914 animi
901 1854 967 1914 tam
985 1853 1073 1935 grata
1091 1843 1237 1914 Tonanti!

970 2202 1046 2282 xm
1074 2195 1075 2200 ‘

509 2467 566 2537 Hic
581 2465 648 2556 jam
666 2467 858 2564 conspicitur
875 2474 977 2536 totum
996 2466 1154 2536 celebrata
1170 2486 1228 2557 per
1245 2466 1357 2538 orbem

509 2591 620 2672 Gallia,
640 2590 801 2662 Caesareis
820 2592 872 2662 cui
890 2592 1026 2662 maxima
1043 2592 1124 2662 fama
1143 2593 1326 2683 triumphis;

508 2718 610 2801 Quam
628 2718 738 2788 vitreis
755 2716 934 2799 Rhodanus,
955 2737 1051 2809 quam
1069 2718 1215 2810 Sequana
1232 2719 1350 2808 perluit
1366 2719 1469 2800 rmdis,

508 2843 610 2927 Quam
628 2841 750 2912 tumido
768 2842 908 2922 Rhenus,
929 2862 1086 2934 quumque
1104 2843 1215 2934 irrigat
1232 2863 1325 2913 amne
1344 2844 1511 2920 Garumna,

508 2967 631 3039 Dehinc
650 2989 727 3049 sese,
747 2968 909 3060 Nymphae
928 2987 1010 3059 quae
1026 2969 1185 3038 mausolea
1202 2968 1349 3060 Pyrenes,

508 3093 665 3164 Attollunt
682 3093 771 3164 coelo
789 3093 917 3164 suhlimi
936 3094 1054 3164 vertice
1070 3102 1204 3175 montes,

509 3217 596 3300 Quos
612 3217 747 3287 dammis
766 3218 879 3287 arsisse
898 3215 993 3286 refert
1009 3217 1159 3307 longaeva
1177 3227 1325 3299 vetustas,

509 3339 603 3412 Unde
622 3343 702 3420 auri,
723 3342 908 3431 argentique
927 3341 1059 3429 rigarint
1077 3342 1218 3431 gramina
1237 3342 1306 3412 riri.

964 3700 1041 3764 xvh

507 3963 576 4032 iam
594 3983 628 4032 se
646 3963 745 4033 oculis
763 3962 866 4053 aperit
883 3962 1000 4033 florens
1017 3963 1185 4054 Hispania3
1205 3964 1288 4034 celso

507 4088 574 4160 Ceu
591 4097 684 4180 caput
702 4089 849 4179 Europae
867 4108 901 4159 se
919 4089 1037 4159 vertice
1054 4088 1136 4158 tollit
1154 4089 1186 4158 in
1205 4110 1308 4171 auras,

506 4213 605 4305 Cujus
622 4213 663 4283 ob
683 4213 854 4304 imperium
871 4213 1034 4304 peregrini
1054 4213 1153 4304 gloria
1171 4214 1287 4304 sceptri

507 4338 644 4430 Experta
662 4338 831 4408 ostiarios
850 4338 969 4407 alterna
989 4345 1073 4407 sorte
1091 4336 1226 4408 labores.

505 4462 569 4534 Sed
586 4465 704 4554 poterit
721 4483 882 4556 nunquam
902 4463 953 4533 vel
971 4462 1014 4544 vi,
1034 4461 1169 4544 fortuna,
1190 4462 1240 4534 rel
1260 4473 1336 4544 arto,

506 4588 674 4678 Hesperiae
694 4589 814 4658 crimen
832 4590 1026 4658 macuiamve
1044 4586 1195 4658 inducere
1213 4589 1329 4668 iamae;

505 4711 611 4781 Diiuet
630 4710 681 4781 illa
700 4723 790 4783 notas
808 4711 927 4782 oolehri
945 4711 1061 4781 uirtute
1079 4732 1225 4782 suorum:

505 4837 623 4906 Tantus
642 4857 730 4907 amor
748 4837 834 4919 helii,
856 4845 920 4907 tam
938 4837 1029 4906 tortia
1047 4846 1174 4927 pectora
1194 4839 1290 4908 natis!
