3384 5370
592 451 682 498 LIBER
701 450 830 498 raucius

667 707 756 772 XVssi

215 972 322 1062 Tingis
342 971 381 1040 ab
401 969 534 1040 adverso
553 969 743 1060 respondent
761 970 879 1052 littora;
900 979 931 1039 et
948 991 1010 1040 una

216 1095 386 1166 Frontibus
403 1094 545 1164 obversis
563 1095 662 1164 maria
681 1095 888 1164 intercludere
907 1103 1042 1175 certant;

154 1251 166 1264 ·
216 1219 337 1290 Nobilis
353 1219 439 1289 unda
455 1218 539 1299 irati,
558 1219 661 1309 posito
680 1239 741 1310 qua
760 1218 871 1298 limite,
892 1220 994 1308 surgit

216 1343 338 1414 Clarior
356 1343 503 1414 Heroidei
522 1364 602 1435 quae
620 1352 704 1413 meta
722 1352 862 1413 extrema
880 1342 1008 1417 laboris.

170 1479 171 1482 ’
215 1469 371 1559 Egregiae
391 1468 486 1537 variis
505 1469 609 1558 gentis
628 1487 661 1538 se
676 1468 772 1558 jactat
791 1468 937 1548 alumnis,

215 1595 301 1679 Quos
318 1603 409 1685 pater
427 1594 570 1665 Oceanus
587 1595 791 1664 circumfluus
808 1594 897 1664 alluit
914 1595 1021 1675 undis,

214 1719 291 1788 Tam
310 1718 428 1787 virtute
445 1737 549 1807 pares,
569 1718 689 1787 similes
708 1727 740 1786 et
760 1717 884 1797 robore,
907 1726 938 1786 et
957 1718 1065 1796 armis,

214 1843 258 1914 Ut
277 1851 378 1913 certet
396 1842 518 1912 meritis
536 1842 596 1912 sibi
616 1844 749 1932 quisque
768 1843 932 1933 acquirere
949 1842 1095 1933 palmam.

677 2201 742 2264 xlx

214 2466 344 2536 Eminet
362 2465 413 2534 hic
430 2472 594 2555 praestans
612 2464 725 2534 animis
741 2463 931 2568 dragonius
952 2463 1048 2532 arrnis

214 2590 427 2679 Parthenopes
445 2588 549 2657 turbis
567 2588 621 2678 qui
640 2588 761 2658 concita
779 2605 877 2676 regna
896 2585 1038 2676 subegit;

214 2713 375 2784 Vascones
393 2713 466 2782 inda
483 2712 582 2794 vides,
603 2711 677 2782 inde
695 2711 837 2790 Astures,
858 2711 942 2779 unde
961 2708 1072 2778 salutis

215 2837 374 2917 Anchora
396 2857 469 2907 cum
486 2837 596 2907 Mauro
614 2855 683 2905 sese
701 2834 847 2924 objecere
864 2835 985 2914 ruenti;

215 2963 327 3054 Adjice
345 2963 526 3034 Gallaecum
543 2970 674 3032 versuto
691 2971 834 3053 pectore3
854 2978 1005 3050 magnum

217 3087 429 3158 Castalianum
446 3086 525 3157 adde
543 3097 574 3157 et
592 3095 803 3178 praestantem
820 3085 931 3164 Marte,
952 3093 1096 3174 receptae

217 3211 276 3282 Cui
295 3221 457 3303 sceptrum
475 3212 645 3302 Hesperiae
663 3211 804 3280 nativum
823 3209 956 3280 contulit
975 3216 1114 3288 astrum:

217 3337 320 3421 Quem
337 3337 452 3415 Baetis,
473 3336 580 3426 Legio,
601 3334 744 3416 Castalia,
767 3335 901 3404 Granata
920 3341 1079 3402 verentur.
1137 3363 1140 3370 ·

690 3693 873 3754 XX.

218 3963 266 4032 En
283 3961 395 4051 capitis
412 3979 473 4029 ceu
490 3960 593 4030 celsus
611 3979 689 4049 apex
708 3959 920 4048 supereminet
939 3955 1017 4025 attae

217 4087 362 4177 Europae
372 4109 380 4168 ;
400 4105 517 4175 supero
535 4105 568 4154 se
587 4083 746 4154 Lusitania
764 4083 850 4153 coelo

217 4210 352 4290 Attoilit,
371 4209 465 4278 teitus
483 4229 544 4298 qua
562 4209 633 4278 finit
650 4218 681 4278 et
700 4207 809 4296 incipit
827 4225 955 4296 aequor,

218 4335 286 4418 Qua
304 4355 403 4424 vagtis
421 4333 537 4403 Oceani
556 4332 702 4402 Phoebus
719 4331 891 4422 requiescit
910 4331 941 4398 in
959 4328 1070 4398 unciis:

219 4459 307 4529 Hanc
324 4460 476 4550 placitum
493 4458 625 4548 Superis
643 4456 727 4527 heito
744 4455 890 4536 valuisse,
912 4453 1063 4523 nefandos

219 4585 259 4654 Et
277 4585 404 4655 Mauros
421 4583 582 4654 domuisse
600 4583 706 4665 armis,
727 4581 901 4671 charaeque
920 4579 1045 4670 fugisse

219 4709 402 4781 Visceribus
419 4711 526 4801 pulsos
544 4710 680 4801 patriae;
703 4705 859 4799 longeque
878 4714 1017 4776 remotos

223 4836 313 4906 Haud
333 4837 406 4905 sinit
426 4836 565 4906 ardentis
584 4835 699 4926 Libyae
719 4834 918 4926 requiescere
937 4833 1091 4902 claustris.
