3384 5372
936 477 1087 526 tustinus
1205 517 1210 526 .

966 735 1057 799 LXIX

516 997 550 1067 Si
569 998 683 1067 uirtute
702 999 824 1088 ingens,
844 1017 982 1088 ausoque
1002 997 1138 1067 immane
1156 996 1281 1067 videtur

516 1120 582 1190 Hoo
599 1121 731 1204 lacinus,
747 1121 838 1213 jussu
857 1121 1001 1211 Hesperii
1021 1129 1074 1190 tua
1093 1121 1199 1190 limina
1217 1121 1300 1211 regis
1406 1210 1410 1222 Ι

515 1246 667 1336 Tangere,
688 1267 742 1314 eor
760 1246 878 1315 celsum
897 1255 927 1315 et
945 1254 1055 1336 peetus
1073 1246 1177 1334 regale
1195 1245 1327 1315 minoris

516 1368 627 1440 Pendit
645 1368 789 1459 vulgares
807 1371 892 1460 quod
911 1370 1030 1460 possint
1049 1369 1143 1440 edere
1161 1371 1256 1439 vires.

514 1495 556 1564 Et
573 1515 646 1564 sane
664 1494 800 1584 populus
818 1505 883 1564 tam
901 1491 1004 1564 oldrus
1019 1494 1091 1585 jure
1109 1503 1250 1563 meretur

516 1617 560 1690 Ut
578 1619 633 1707 qui
652 1639 713 1687 non
732 1627 875 1687 temnunt
892 1617 1028 1718 volueris
1045 1617 1209 1708 praeconia
1227 1615 1336 1698 lamae,

515 1741 562 1811 llli
580 1740 759 1832 persolvant
776 1741 953 1831 praeclarae
970 1743 1109 1831 praemia
1128 1741 1239 1820 laudis,

515 1867 556 1936 Et
573 1867 701 1937 credant
719 1867 838 1957 coeptis
856 1867 955 1938 Lusos
972 1867 1142 1938 clarescere
1159 1867 1292 1957 magnis.

971 2226 1049 2288 Lxx

517 2486 604 2556 Scito
621 2487 718 2577 igitur
735 2495 868 2566 nostros,
889 2485 980 2575 longo
997 2494 1067 2576 posl
1085 2495 1237 2576 tempore,
1258 2505 1351 2576 reges

517 2610 653 2681 Consilio
670 2609 763 2680 firmo
781 2611 926 2681 statuisse
945 2610 1084 2701 pericula
1104 2611 1241 2701 quaevis,
1357 2673 1358 2676 ,

516 2737 557 2806 Et
575 2756 667 2805 nasus
685 2736 823 2826 quosvis,
845 2736 972 2826 quosvis
989 2735 1123 2806 tolerare
1141 2735 1276 2816 labores,

516 2860 616 2950 Saepe
635 2859 735 2929 solent
752 2859 875 2950 magnis
894 2861 948 2951 qui
967 2880 1034 2929 sese
1053 2879 1210 2950 opponere
1230 2859 1335 2929 rebus.

519 2984 648 3056 illorum
663 2986 764 3077 jussu,
785 2985 950 3055 lortissima
968 2993 1104 3075 pectora,
1125 2993 1236 3055 nautae

519 3110 597 3179 Ausi
616 3120 688 3179 sunt
706 3110 826 3180 ratibus
843 3109 1029 3201 longinquas
1047 3129 1197 3200 quaerere
1215 3118 1326 3188 terras,

519 3230 656 3303 Cernere
674 3237 786 3314 conati,
807 3254 864 3325 per
883 3243 928 3304 tot
946 3233 1135 3314 discrimina,
1155 3233 1281 3302 landem

519 3357 636 3428 Littera
653 3361 819 3448 postremis
838 3379 918 3449 qnae
937 3358 1083 3428 lluolibus
1101 3358 1187 3428 alluit
1205 3377 1332 3448 aequor.

965 3717 1055 3779 LXXI

519 3979 654 4049 Prolusit
671 3980 782 4060 clarus,
803 3979 908 4068 proles
926 3999 1077 4070 generosa
1096 3980 1233 4061 loannis,

517 4105 667 4195 Prinoeps
684 4105 851 4186 Henrious,
870 4114 961 4175 natus
978 4105 1036 4175 sub
1055 4105 1158 4176 sidere
1177 4105 1289 4186 lausto,

518 4229 579 4314 Qui
597 4230 698 4320 potuit
716 4233 849 4320 primus,
870 4230 995 4300 soleatis
1015 4231 1160 4319 aequoris
1177 4231 1279 4310 undis,

517 4354 644 4423 Fortem
658 4352 777 4444 nopae
794 4354 940 4424 Maurum
959 4373 1030 4422 caro
1048 4353 1206 4443 depellere
1224 4353 1310 4424 nido.

517 4476 572 4547 llle
590 4486 667 4558 arte,
687 4477 874 4568 ingenioque
894 4497 998 4566 sagax,
1019 4486 1050 4546 et
1069 4480 1211 4548 acumine
1230 4479 1346 4547 mentis

517 4600 654 4680 insolito,
674 4600 790 4671 tabulis
808 4602 930 4670 tabulas
948 4605 1114 4693 compegit,
1137 4613 1168 4672 et
1187 4624 1281 4672 ausus

516 4725 574 4794 Est
591 4725 691 4795 varias
708 4733 827 4795 tentare
844 4726 960 4815 plagas
982 4727 1072 4816 queis
1090 4726 1172 4796 clara
1190 4726 1323 4816 refulget

517 4848 634 4938 Hydra,
651 4847 801 4939 Argoquo
821 4850 907 4931 nitet,
928 4851 1035 4919 mtilat
1052 4851 1167 4940 Lepus,
1184 4853 1247 4920 Ara
1265 4861 1419 4922 ooruseat.
