3394 5372
541 533 548 548 .
668 506 759 554 LIBER
777 504 895 554 SEXTUS

686 761 774 825 XViss

231 1025 334 1098 Artbs
351 1027 457 1095 nudus
477 1031 556 1106 erat,
574 1023 717 1094 membra
735 1031 767 1095 et
786 1023 931 1115 genitalia
949 1027 1063 1107 nudus,

232 1149 283 1222 Ne
302 1149 378 1241 quid
396 1147 509 1219 obesse
528 1156 622 1240 queat
639 1168 699 1238 per
717 1168 875 1218 mannora
893 1149 986 1240 longa
1005 1149 1139 1218 natanti:

232 1272 376 1344 Membra
395 1281 500 1341 tamen
519 1271 625 1341 densis
643 1269 813 1360 conchylis
831 1269 958 1340 horrida
977 1280 1117 1362 turgent,

233 1396 299 1468 Nec
314 1395 380 1486 jam
398 1397 484 1467 nuda
501 1403 620 1485 patent,
641 1394 698 1465 sed
717 1392 810 1464 turba
828 1393 951 1465 obtecta
970 1395 1100 1464 marina.

233 1521 295 1592 Hic
312 1521 426 1602 cancri,
444 1521 495 1590 bic
513 1520 651 1591 conchae
671 1521 897 1610 glomerantur,
920 1528 952 1590 et
969 1523 1031 1590 uda
1049 1520 1190 1591 locustae

235 1644 379 1737 Agmina,
399 1646 487 1737 queis
506 1645 602 1716 radiis
619 1644 746 1716 Phoebe
764 1646 959 1715 incrementa
976 1645 1147 1729 ministrat3

235 1770 348 1841 Ostrea
367 1790 403 1840 se
422 1769 583 1860 adjiciunt,
603 1769 764 1860 conchylia
783 1777 815 1838 et
833 1769 936 1840 obsita
954 1789 1076 1851 musco,

235 1893 484 1984 Cochleolaeque
503 1901 635 1985 gravant
654 1893 746 1964 tortis
764 1901 855 1984 terga
872 1893 994 1985 bispida
1013 1893 1119 1985 tergis.

580 2295 585 2308 ·
694 2255 759 2315 XIX

235 2514 375 2588 Orbibus
392 2517 517 2587 intortis
533 2516 672 2607 praefert
691 2537 786 2607 quarn
805 2518 936 2586 dextera
954 2515 1071 2587 coneha

234 2641 392 2722 Immanis,
411 2640 489 2711 ssatu
505 2640 626 2732 ingenti
642 2659 702 2731 per
719 2647 807 2709 vasta
826 2639 955 2709 sonabat

233 2765 392 2858 Aequora,
411 2787 475 2857 quo
493 2767 598 2837 sonitu
616 2773 720 2836 totum
736 2785 825 2835 mare
843 2765 955 2856 mugit,
976 2773 1008 2837 et
1024 2764 1139 2846 undae,

233 2889 321 2960 Voce
340 2896 536 2980 repercussa,
555 2889 649 2981 longe
668 2909 806 2980 reponsa
826 2889 1002 2960 remittunt.

234 3015 368 3104 iainque
387 3016 622 3094 decoronatus,
642 3014 768 3083 diversa
788 3033 826 3082 ex
844 3021 935 3103 parte
954 3021 1090 3095 coactus,

234 3138 387 3220 Venerat,
406 3147 500 3230 atque
519 3138 569 3209 dei
583 3138 709 3229 paliatia
727 3139 808 3208 celsa
828 3137 957 3228 petebat

235 3260 323 3332 Illius
341 3263 439 3333 erexit
453 3262 507 3352 qui
529 3264 668 3333 dardana
685 3261 809 3332 moenia
828 3262 996 3352 quondam,

109 3469 111 3477 Ι
235 3386 357 3457 Moenia
375 3387 572 3458 Graecorum
590 3381 857 3475 tandem'deJecta
876 3386 994 3456 surore.

703 3721 845 3808 xx‘

237 4006 324 4086 illuc,
342 4013 488 4076 natorum
506 4006 650 4077 Oceanus
670 4007 808 4076 sociante
828 4011 945 4076 corona

235 4131 461 4223 Natarumque‚
476 4140 569 4222 pater
587 4132 720 4223 vestigia
738 4133 864 4203 flectere
883 4131 979 4212 visus,

235 4255 361 4326 Nereus
380 4265 412 4326 et
430 4257 564 4347 glaucus
583 4257 673 4327 duxit
691 4257 748 4348 qni
763 4255 892 4337 Dorida,
913 4256 997 4326 claro

236 4377 391 4470 Coniugio
409 4381 523 4471 genitis
542 4381 596 4472 qui
614 4389 770 4472 sparserat
789 4400 927 4471 aequora
945 4378 1112 4471 Nymphis:

234 4502 320 4572 Ecce
337 4504 418 4593 petit
435 4513 533 4586 vates,
554 4504 684 4575 dimisso
703 4506 736 4573 in
754 4525 870 4594 pascua
889 4503 962 4574 satsi

235 4625 393 4717 Aequoris
412 4636 567 4709 armento,
587 4629 737 4719 neptunia
753 4628 860 4698 limina
878 4627 1022 4708 Proteus,

235 4751 330 4822 Haud
348 4761 454 4823 tantur
473 4753 604 4844 ignarus
623 4774 747 4836 rerum;
767 4774 841 4824 narn
859 4761 989 4824 noverat
1006 4760 1079 4822 ante

235 4877 321 4960 Quid
339 4885 463 4954 statuat,
474 4887 571 4969 ponto
589 4882 760 4951 ardescens
778 4878 896 4970 agitare
914 4878 1046 4970 Lyaeus.
