3384 5370
546 445 634 491 tinen
654 443 813 493 snct'rtot's

638 657 726 766 xot'o

189 965 332 1056 Desuper
349 966 493 1056 opposito
512 965 606 1035 nitida
625 966 769 1036 bombice
789 967 903 1056 galero,

189 1091 289 1174 Quem
308 1090 389 1160 levat
407 1099 515 1159 aurato
533 1089 686 1160 connixus
704 1090 808 1180 stipite
825 1099 944 1170 uentae,

188 1213 216 1284 Α
235 1216 333 1305 capite
351 1216 464 1284 avertit
481 1213 643 1284 radiorum
662 1214 722 1286 tela
741 1215 895 1295 minister,

189 1339 238 1407 Ne
254 1338 358 1428 regale
377 1349 469 1429 capot
487 1339 632 1409 Phoebus
651 1347 724 1408 tunc
742 1340 886 1410 vulneret
905 1343 987 1430 igne.

189 1463 283 1532 Prora
302 1471 386 1532 tenet
404 1472 529 1534 coetum
549 1464 649 1554 patrio
668 1463 813 1533 demere
833 1472 1015 1532 canentum:

189 1585 380 1656 Horribilem
399 1585 519 1656 tumido
538 1587 674 1657 sonitum
693 1586 891 1656 modulantur
910 1586 948 1656 ub
966 1607 1021 1656 ore

189 1709 225 1778 ln
242 1711 341 1801 spims
359 1730 454 1780 rauco
471 1710 638 1780 ductarum
656 1731 696 1779 ex
714 1730 785 1780 aere
804 1711 962 1790 tubarum,

190 1834 230 1902 Et
248 1835 378 1924 strepltu
398 1833 521 1923 pulsant
540 1834 657 1903 eonlosi
677 1834 850 1903 murmuris
868 1854 970 1903 aures.

634 2193 734 2254 xovtt

191 2451 256 2522 Nec
272 2455 376 2522 minos
393 2462 503 2522 omato
522 2473 556 2522 se
574 2452 671 2542 lysios
689 2453 832 2523 aemulus
849 2453 952 2532 inlert,

192 2574 295 2667 Atque
314 2575 408 2646 babili
428 2577 536 2657 sulcat,
556 2576 680 2646 deserta
697 2577 804 2656 classe,
825 2577 972 2666 phasello,
1086 2615 1090 2624 ·

193 2700 298 2770 Comis
315 2709 352 2770 ut
370 2701 400 2770 in
418 2701 523 2771 medio
541 2703 716 2770 uenientem
735 2720 893 2770 marmore
912 2701 1033 2791 Regem

191 2823 343 2914 Excipiet,
365 2822 444 2894 lecta
459 2823 610 2913 juvenum
628 2827 794 2894 comitante
813 2845 936 2895 corona.

192 2946 323 3017 Ductori
342 2950 461 3038 speeies
479 2947 602 3017 babitus
619 2947 775 3037 hispanica
794 2947 919 3037 pendet,

193 3071 280 3154 Quae
299 3079 402 3140 tamen
421 3091 458 3140 ex
476 3070 617 3140 bumeris
637 3079 762 3141 externa
781 3079 828 3140 est
847 3071 967 3160 gallica,
987 3079 1092 3140 textos

193 3197 331 3266 Stamine
349 3195 388 3265 ile
407 3205 528 3276 veneto,
549 3196 633 3286 quod
651 3198 791 3287 suggerit
810 3197 916 3278 Adria,
937 3205 1000 3268 tota

192 3321 360 3410 Purpurat,
380 3320 430 3390 bic
449 3322 531 3410 genti
552 3321 636 3389 euleu
655 3329 701 3390 est
720 3321 916 3406 gratissimus
935 3320 990 3390 illi.

632 3677 743 3740 xcvtlt

194 3941 242 4010 Ex
260 3959 339 4008 auro
356 3941 493 4008 manicas
512 3939 710 4030 globulorum
729 3940 813 4009 trena
832 3939 967 4030 ligabant

195 4065 355 4144 Gemmea,
375 4063 430 4132 lux
448 4064 564 4133 Phoebi
582 4064 676 4135 radiis
694 4064 748 4136 ubi
767 4064 861 4134 lracta
880 4064 985 4154 latigat

195 4189 327 4258 Lumina
334 4210 342 4268 ;
363 4189 469 4256 stricta
487 4190 567 4277 gerit
586 4188 755 4267 femoralia,
775 4187 882 4256 militis
900 4189 1007 4268 instar,

194 4313 292 4382 Texta
310 4312 374 4392 illo,
396 4313 479 4402 quod
497 4333 590 4382 avara
608 4322 701 4402 negat
718 4313 851 4396 lentona,
872 4313 1009 4382 metallo.

195 4438 360 4530 Applicitis
377 4459 416 4509 ex
435 4459 512 4509 auro
530 4439 628 4510 obelis
646 4437 823 4519 subtilibus,
844 4447 914 4529 apte

197 4563 349 4633 Scissuris
366 4564 460 4632 variis
477 4571 599 4634 sectum
617 4564 742 4633 thoraca
759 4563 934 4653 prehendit,

198 4687 239 4755 Et
256 4687 348 4776 ligat;
369 4687 471 4757 italico
490 4687 529 4757 de
546 4707 636 4758 more
655 4688 828 4776 aecingitur
846 4707 935 4770 ense;

199 4811 365 4902 Cristaqoe
382 4813 496 4902 pileolo
513 4813 641 4904 paulurn
660 4812 803 4882 inclinata
822 4812 985 4882 recumbit.
