3394 5372
556 489 643 534 LIBER
666 490 813 536 sttrrlnss's

653 746 713 807 LIV

187 1008 301 1098 Inclyta
320 1007 364 1075 ihi
383 1006 481 1096 pertis
499 1009 618 1097 pariter
637 1008 747 1076 vexilla
767 1008 912 1076 ridentur

188 1131 394 1210 Graecarum,
415 1130 508 1200 toties
527 1131 617 1221 queis
634 1131 745 1200 victrix
763 1132 879 1202 exstitit
898 1131 1013 1213 Hellas

187 1253 302 1334 Tertia,
324 1263 408 1324 sorte
426 1254 525 1335 brevi,
547 1254 664 1324 lamnsa
682 1256 863 1325 monarchia
882 1257 1050 1346 quendam,

188 1377 237 1448 Ad
255 1379 374 1468 Gangis
392 1378 477 1468 ripas
495 1377 633 1448 domitus
652 1381 703 1448 cni
722 1380 826 1470 paruit
844 1380 941 1452 orbis.

187 1503 258 1572 Dux
277 1503 385 1573 aderat
403 1504 515 1583 clarus
536 1505 698 1594 primaeve
715 1505 794 1574 llnre
810 1505 990 1596 juventae)
1110 1545 1114 1556 ·

188 1627 344 1696 Victrices
360 1628 454 1697 viridi
473 1629 601 1719 cingunt
620 1649 714 1719 quem
734 1632 875 1718 germine
893 1631 1030 1721 palnrae3
1127 1647 1130 1656 ·

188 1752 291 1836 Quem
304 1751 370 1842 jam
388 1752 527 1821 mortalis
545 1753 685 1822 sebalem
703 1754 801 1843 purlet
820 1775 889 1824 esse
907 1755 1053 1846 Philippi,

188 1876 292 1964 Seque
311 1875 396 1944 Ievis
411 1875 507 1964 jactat
526 1897 707 1964 germanam
727 1899 743 1946 a
763 1879 913 1967 sanguine
934 1880 1065 1968 prolem.

660 2208 783 2298 cv'

188 2497 274 2566 Haec
292 2495 369 2566 dum
388 2497 584 2587 conspiciunt
602 2506 804 2566 monumenta
822 2517 861 2566 ex
880 2498 990 2568 ordine
1009 2500 1094 2580 Lusi,

187 2619 351 2690 Fatidicus
365 2620 475 2691 Catual
494 2621 659 2691 ductorem
677 2622 736 2724 hac
754 2643 831 2692 voce
850 2622 997 2692 docebat:

187 2746 327 2837 Tempus
344 2747 415 2826 erit,
436 2767 493 2817 nec
511 2747 598 2817 tarda
616 2747 695 2829 dies,
715 2747 833 2838 majera
852 2747 995 2817 nitebunt

189 2871 295 2956 Quum
312 2870 413 2940 lamae
430 2881 633 2942 monumenta
651 2893 761 2953 nevae,
782 2881 814 2941 et
832 2873 1014 2962 superantia*
1030 2872 1120 2962 lenge

188 2995 276 3080 Quae
292 2995 411 3086 legitis:
432 2995 559 3065 stabunt
578 2996 627 3066 his
645 3005 732 3086 gesta
751 2996 883 3066 illustria
902 2997 1002 3087 portis

188 3119 363 3212 Descripta,
384 3120 521 3190 externis
539 3120 690 3210 patranda
708 3142 726 3189 a
744 3121 890 3211 gentibus
909 3121 999 3191 elim:

188 3243 321 3313 Artibus
338 3244 414 3313 haec
431 3245 561 3335 magicis
579 3245 669 3313 nobis
688 3245 741 3335 qui
760 3246 897 3336 pandere
916 3246 974 3315 lata

189 3367 269 3437 Sunt
287 3367 382 3448 saliti,
402 3367 496 3447 docti,
518 3369 676 3458 quondam
693 3378 844 3439 eventura
863 3372 1042 3440 monebant.

656 3728 717 3791 LIlI

188 3989 319 4082 Insuper
337 3990 468 4060 occultis
485 3989 663 4060 didicerunt
681 3990 803 4059 artibus
821 3990 880 4079 ipsi

188 4115 289 4185 Nullis
306 4134 400 4204 posse
423 4114 650 4206 opibus,.nulla
667 4115 783 4184 virtute
801 4113 911 4203 repelli

188 4238 316 4308 Illarum
332 4239 427 4321 vires,
448 4249 480 4310 et
498 4239 677 4310 inevitabile
696 4239 809 4320 rebur;

190 4364 293 4435 Nemc
311 4385 446 4456 namque
465 4365 548 4435 dulia
561 4384 702 4455 unquam
721 4364 834 4433 delusit
852 4362 1035 4453 Olympum:

187 4487 349 4577 Adjiciunt
367 4499 490 4560 tantum
511 4489 596 4580 genti
614 4488 682 4558 lore
700 4489 809 4558 Martis
827 4487 929 4557 arenis

187 4611 358 4694 Externae,
382 4621 567 4704 tantumque
585 4623 678 4702 togae
696 4611 837 4683 florentis
854 4613 1017 4692 honorem,

190 4737 234 4809 Ut
253 4757 327 4809 cum
343 4738 474 4809 victoris
491 4748 687 4808 memoretur
705 4738 785 4808 lama
803 4757 861 4828 per
879 4736 1001 4816 orbern,

189 4863 325 4936 Victoris
341 4867 447 4937 veniat
465 4866 504 4936 de
523 4865 650 4935 nomine
668 4864 766 4954 gloria
785 4864 879 4934 victe.

262 4979 287 5019 18
