3406 5378
697 469 787 516 LIBER
807 469 940 516 tlt-:cltlt's

762 727 876 790 cxttv

323 989 375 1059 Sic
393 995 525 1079 pontum
543 987 677 1069 findunt,
698 987 810 1058 blande
829 988 1024 1079 spirantibus
1042 989 1168 1070 austris,

322 1113 509 1202 placatoque
529 1112 619 1194 mari,
640 1113 762 1182 celeres
780 1132 838 1202 per
857 1112 981 1182 caerula
1000 1120 1147 1182 currunt:

321 1235 484 1327 Apparent
502 1235 595 1306 lassis
613 1236 742 1307 tandem
760 1236 936 1326 gratissima
955 1245 1059 1306 terrae

322 1361 451 1443 Littera,
473 1383 533 1451 qua
552 1361 692 1451 prinlum
712 1361 786 1431 solis
804 1361 858 1431 lux
876 1361 1007 1431 fulserat
1026 1361 1096 1430 illis.
1133 1381 1137 1388 ·

321 1485 440 1555 intrant
454 1485 582 1576 jamque
600 1486 689 1576 Tagi,
709 1485 895 1576 gaudentes,
915 1486 995 1558 ostia
1013 1485 1118 1567 clrari;

321 1609 475 1689 Protinus,
497 1609 578 1680 ans
597 1608 668 1680 illos
687 1608 769 1699 quod
788 1610 874 1678 misit
891 1609 929 1680 ad
948 1630 1030 1689 oras,

322 1733 434 1804 Grates
452 1734 645 1824 persolvunt,
666 1734 741 1803 dant
759 1733 860 1803 laudis
876 1736 1026 1823 praemia,
1047 1734 1136 1822 Regi,

321 1859 436 1942 Quem,
457 1860 579 1938 merito,
600 1859 750 1930 decorant
769 1859 851 1929 tituli
869 1858 1007 1949 clarique
1026 1860 1173 1948 novique.

764 2217 863 2280 CXLV

319 2479 388 2548 lam
407 2499 469 2548 non
487 2479 578 2569 plura
597 2499 716 2560 canan
737 2487 874 2569 praestat
892 2484 1080 2558 mutescere,
1100 2478 1200 2557 Musa,

318 2603 463 2696 (Dissonn
478 2603 542 2694 iarn
561 2603 637 2694 lyra,
654 2602 719 2692 jarn
738 2622 834 2674 rauco
853 2602 892 2672 de
912 2609 1038 2693 gutture
1056 2601 1156 2672 fertur

317 2727 488 2809 tornea,
507 2747 565 2796 noo
584 2735 677 2797 cantu
696 2725 822 2796 tandem
840 2725 960 2796 defessa
980 2725 1122 2816 quiescit,

317 2851 381 2922 Sed
399 2851 471 2921 nolo
488 2851 623 2922 ulterius
641 2851 744 2922 surdis
763 2850 933 2921 obtrudere
951 2850 1086 2942 versus).

316 2975 385 3060 Quo
402 2976 450 3046 vis
467 2975 583 3064 ingenii
602 2948 718 3066 {gaudet
736 2976 923 3065 crescitque,
944 2975 1084 3046 levorem

315 3098 443 3169 Nullum
461 3098 514 3169 dat
531 3101 630 3189 patria
648 3099 774 3190 indigni
793 3100 954 3190 torpedine
972 3119 1096 3189 pressa:

315 3223 405 3292 Solae
423 3222 549 3294 divitiae
567 3231 696 3314 possunt
715 3224 873 3296 inllactere
891 3232 1014 3294 ruentes

315 3347 469 3418 Moestitial
487 3369 616 3428 mersas,
637 3348 754 3438 vilique
773 3347 919 3439 cupidine
938 3357 1055 3438 captas.

751 3705 864 3770 CXLVI

312 3967 426 4038 Nescio
445 3987 508 4058 quo
526 3967 588 4038 lato
606 3974 797 4048 moerentes,
816 3974 959 4057 ternpore
977 3975 1097 4050 nostro,

312 4091 474 4173 Lusiades,
495 4091 570 4161 olirn
588 4091 659 4162 laeti
679 4090 830 4182 laetisque
848 4089 988 4180 superbi,
1011 4112 1016 4132 ³

311 4213 381 4284 Non
400 4216 518 4286 animos
536 4216 647 4296 celsos,
668 4235 730 4286 non
750 4234 821 4305 spes
841 4222 1032 4305 sumantque
1051 4214 1231 4304 foventque,

311 4339 404 4410 Ultro
423 4360 504 4430 qnae
523 4339 656 4410 suadent
673 4359 804 4430 magnos
820 4338 963 4430 perlerre
980 4338 1118 4410 labores:

311 4463 375 4534 Sed
393 4473 439 4545 tu,
460 4465 514 4555 qui
533 4485 668 4549 summo,
689 4465 795 4536 divino
814 4484 957 4547 munere,
977 4465 1140 4556 Princeps,

309 4587 453 4680 Ellulges
471 4589 561 4669 sollo,
581 4589 671 4680 regni
691 4598 881 4682 sceptroque
898 4591 1020 4680 potiris,

308 4711 438 4782 Exsulta
456 4731 589 4782 cernens
607 4709 696 4806 (alias
715 4713 920 4805 circumspice
940 4710 1060 4806 gentes)
1170 4743 1174 4754 ·

309 4835 353 4904 Te
373 4855 481 4926 regern
499 4836 608 4926 populi
627 4837 744 4906 virtute
764 4846 795 4908 et
814 4837 928 4910 robore
947 4839 1077 4910 clarnrn.
