3406 5378
413 451 483 522 tlt
684 471 840 522 russanen
859 472 1005 522 uerutus
1024 471 1055 520 ru
1075 471 1190 520 cronon
1207 471 1345 520 nncrnuu

967 727 1054 790 LXX

519 813 714 884 Fernandus.

465 1023 523 1085 lloo
542 1024 602 1085 loco
618 1023 700 1104 (sicut
718 1021 813 1095 otiam,
830 1021 902 1084 libro
916 1041 956 1096 ru,
972 1022 1084 1104 strophe
1097 1021 1167 1095 tun,
1187 1033 1218 1084 ut
1234 1021 1293 1102 jam
1306 1020 1470 1101 observavi)
1492 1019 1619 1082 naeuus

412 1141 462 1206 pro
475 1120 661 1192 Fordinando‚
673 1120 851 1182 Fernandum
867 1122 970 1201 posuit,
982 1131 1072 1182 metro
1086 1131 1212 1200 cogente,
1223 1131 1251 1183 et
1262 1119 1358 1182 eidem
1368 1120 1542 1183 necessitate
1550 1136 1618 1180 oont-

412 1221 507 1304 pulsus
520 1239 570 1302 pro
584 1217 753 1282 Gundisalvo
767 1217 879 1300 scripsit
895 1217 1060 1291 Genesium
1076 1216 1148 1280 libro
1161 1237 1192 1292 x,
1207 1217 1318 1299 strophe
1330 1235 1407 1279 xcur.

946 1464 1080 1528 LXXXI

417 1749 422 1758 Ι
519 1648 641 1719 Dicitur
658 1647 836 1739 Empyreus

466 1856 566 1920 Melius
577 1856 746 1922 scriberetur
760 1857 950 1940 Empyronm:
968 1857 1016 1922 sed
1029 1855 1161 1920 lleoedus
1174 1856 1296 1938 respexit
1309 1855 1345 1918 ad
1358 1854 1390 1916 τό
1403 1853 1481 1918 orbis
1496 1854 1528 1918 in
1537 1855 1618 1916 altero

414 1953 497 2035 hujus
520 1953 645 2036 strophes
657 1973 740 2017 versu
759 1973 916 2037 expressus.
932 1954 1097 2036 Emyreum,
1113 1954 1220 2017 scilicet
1239 1952 1360 2026 coelem,
1374 1951 1565 2026 christianum
1583 1961 1619 2012 est

414 2053 577 2115 vocabulum
591 2070 609 2114 a
622 2051 793 2115 scholasticis
807 2051 940 2133 theologis
954 2065 1130 2134 usurpatum,
1142 2063 1172 2114 ut
1186 2050 1314 2114 omnibus
1331 2059 1372 2112 cst
1389 2060 1504 2126 notum,
1520 2047 1616 2111 acles·
1634 2107 1638 2116 .

414 2150 472 2213 sica
485 2149 617 2214 latinitate
632 2149 764 2224 alionum,
781 2149 870 2213 sedin
886 2149 1036 2214 christiana
1046 2150 1121 2232 pooei
1135 2147 1318 2212 tolerandum.

969 2398 1056 2461 xutt

520 2580 679 2651 Tellurem
697 2601 792 2672 quam
811 2582 872 2651 lata
890 2590 938 2651 est
953 2584 1055 2671 aspice
1082 2631 1089 2646 .
1107 2633 1138 2650 ..

468 2789 499 2852 Si
513 2790 681 2854 constructio
693 2789 794 2854 vitiosa
806 2789 945 2866 rideatur,
961 2790 1060 2874 poterit
1073 2790 1114 2853 sio
1127 2790 1248 2854 mutari:

520 2989 743 3080 Telluremque
761 2988 846 3059 illurn
866 2999 931 3060 torri
951 2999 1069 3060 vastem
1088 2992 1244 3080 conspice.

966 3232 1065 3298 xuvt

522 3416 581 3485 Hic
600 3417 724 3508 liopten
741 3417 885 3498 fluvium,
906 3437 988 3487 nunc
1007 3416 1076 3508 Oby
1093 3418 1217 3489 nornine
1236 3417 1366 3488 dictum.

468 3625 562 3698 Quum
576 3625 638 3708 uby
650 3625 750 3688 liunus
760 3625 852 3689 latinis
866 3646 922 3689 non
936 3625 1019 3689 luerit
1032 3638 1125 3704 notus,
1138 3626 1215 3690 licuit
1229 3629 1343 3692 fortasse
1358 3625 1517 3693 usoeuoet
1526 3650 1546 3714 y
1555 3649 1612 3714 pro·

415 3719 525 3785 ducere.
536 3722 645 3786 Poterat
658 3736 749 3788 umen
765 3725 804 3786 sic
818 3743 916 3787 versus
930 3723 1036 3787 claudi:

530 3977 536 3992 .
555 3973 586 3991 ..
612 3923 667 4014 qui
686 3923 781 4014 vulgo
799 3924 915 3994 dicitur
933 3923 1012 4014 uby.

986 4166 1040 4229 Gli

530 4406 536 4419 .
554 4405 560 4418 .
578 4404 585 4418 .
611 4349 805 4420 Asseborum
822 4349 924 4440 Caput
950 4405 956 4418 .
974 4406 981 4420 .
999 4405 1005 4418 .

471 4561 512 4622 De
530 4559 629 4641 Capite
648 4561 1016 4642 promontorioll.adnoteta
1031 4559 1145 4624 trilibri
1163 4581 1182 4638 r,
1199 4559 1340 4643 strophem
1354 4531 1462 4624 nxxvu.

931 4771 1091 4780 ————-—-
