3394 5372
357 1487 361 1494 ,
505 1354 911 1532 tetstlntn

572 1867 673 1928 LIBER
698 1867 845 1938 culmus

706 2205 716 2266 l

215 2467 299 2537 llaec
318 2467 457 2557 prudens
474 2469 579 2538 senior
593 2467 727 2558 jactabat
745 2474 871 2558 pectore
890 2468 982 2546 dicta,

214 2590 411 2673 Vocilerans;
432 2591 493 2660 leni
513 2611 612 2681 <prum
631 2590 738 2660 dantes
757 2590 883 2661 carbasa
901 2599 996 2662 rento

214 2715 248 2784 ln
267 2724 371 2805 portu,
394 2723 474 2784 totas
492 2715 636 2785 selorum
655 2715 821 2805 pandimus
840 2715 913 2796 alas,

214 2841 254 2909 Et
273 2841 397 2911 tandem
416 2841 519 2910 charis
537 2843 656 2931 patriae
676 2841 875 2911 discessimus
893 2841 972 2910 oris:

215 2966 329 3056 Atque,
349 2976 386 3036 ut
405 2967 562 3056 legitimus
580 2973 747 3036 nautarum
766 2965 1006 3057 postulatusne

215 3089 377 3160 Solventes
395 3091 538 3172 classem,
558 3111 674 3181 magno
692 3090 827 3161 clamore
846 3091 975 3161 ierimus

216 3213 337 3294 Sidera,
358 3215 463 3284 lelices
482 3233 595 3284 cursus
614 3225 787 3306 portusque
804 3224 984 3304 precantes:

215 3339 286 3408 Mox
305 3338 397 3444 solito
415 3338 454 3407 de
472 3358 562 3408 more
581 3339 659 3408 levis
677 3341 809 3410 classem
828 3340 954 3430 impulit
972 3359 1057 3409 aura.

700 3695 725 3758 ll

215 3960 352 4030 dcterno
372 3960 490 4029 interea
506 3959 570 4050 jam
589 3959 707 4030 lumine
726 3957 870 4030 Phoebus
887 3959 985 4030 inibat

216 4085 348 4175 Signum
367 4085 451 4175 quod
469 4084 617 4154 Nemeaei
637 4065 747 4154 notum
766 4092 813 4152 est
832 4086 958 4154 nomine
976 4084 1125 4152 monstri:

214 4209 351 4279 lllundus
369 4217 411 4289 et,
431 4207 545 4278 occulti
564 4211 677 4278 teritur
695 4210 749 4298 qui
768 4205 1006 4297 temporisusu

215 4333 339 4403 Seritam
360 4333 561 4422 languescens
579 4341 711 4402 aetatem
729 4333 833 4401 lentus
851 4330 974 4421 agebat,

214 4457 347 4528 Viderat
364 4467 406 4539 et,
427 4458 510 4527 soliti
529 4459 671 4548 repetitis
689 4456 835 4527 cursibus
854 4457 935 4536 aevi,

214 4583 299 4654 lllille
319 4591 430 4673 quater
448 4590 576 4652 centtun
594 4583 704 4652 solaris
723 4579 874 4672 lampadis
892 4579 995 4663 orbes,

214 4707 312 4791 Queis
330 4707 493 4796 nonaginta
513 4715 699 4796 septemque
717 4706 899 4795 adjunxerat
917 4723 1023 4786 annos

214 4833 304 4921 Lysia
324 4851 423 4922 quum
442 4831 550 4900 classis
567 4851 624 4920 per
642 4832 765 4901 caerula
784 4851 913 4900 currere
931 4829 1043 4921 coepit.
