3394 5372
585 464 675 512 trouu
696 465 814 513 sextus

632 721 772 784 LXXVlll

203 987 273 1056 Non
293 984 368 1054 alias
385 992 471 1053 tanto
488 982 650 1053 fabricavit
669 983 797 1052 fulmina
816 984 899 1063 nisu,

203 1111 375 1199 Frangeret
393 1117 428 1178 ut
446 1108 542 1178 fastus
560 1117 592 1177 et
611 1110 674 1177 tela
693 1109 818 1177 inimioa
836 1110 1011 1197 gigantum,

203 1233 355 1303 Sordidus
373 1233 564 1324 Ignipotens,
584 1235 638 1324 mni
657 1232 738 1303 duro
756 1252 796 1302 ox
814 1252 897 1315 aere,
917 1233 1050 1323 peritus

203 1357 351 1448 Privigno
367 1359 474 1447 ignitis
492 1357 670 1428 fornacibus
689 1347 811 1426 extudit
830 1377 927 1427 arma.

203 1485 267 1555 Neo
285 1491 332 1552 tot
350 1486 382 1551 in
401 1485 567 1553 attonitum
583 1482 716 1572 Jaeulata
735 1491 783 1552 ost
803 1482 927 1571 fulgura
946 1481 1102 1552 mundum

156 1701 161 1712 ι
204 1608 367 1678 Fulminea
385 1627 402 1677 e
422 1607 544 1698 superis
562 1607 648 1676 toris
668 1609 759 1696 ignea
777 1607 888 1676 dextra
906 1606 1054 1676 Tonantis

203 1733 339 1814 Diluvio,
361 1733 445 1804 unde
462 1736 548 1822 salus
564 1741 687 1802 tanturn
705 1741 752 1803 est
771 1751 919 1802 noncessa
938 1731 1072 1811 duobus,

138 1921 141 1930 a
204 1858 264 1946 Qui
284 1867 417 1946 potuere
434 1858 575 1928 homines
591 1856 684 1945 jactis
702 1857 877 1947 producere
896 1857 987 1924 saxis.

643 2215 761 2278 nxxtx

204 2477 287 2562 Quot
305 2485 439 2556 montes,
459 2487 656 2568 quantosque
676 2477 727 2545 itta
746 2485 886 2545 stravere
905 2476 1042 2565 procella

204 2601 319 2672 Aliisne
338 2602 474 2701 scopulis
492 2604 634 2692 repetitis
652 2602 766 2670 ictibus
783 2599 901 2670 undaei

204 2727 287 2812 Quot
306 2729 420 2806 trunci,
440 2722 585 2796 veter'um
603 2727 761 2816 sylvarum
779 2725 905 2814 antiqua
924 2745 1073 2814 propago,

204 2852 373 2922 Cesserunt
392 2854 503 2932 ventis,
523 2852 692 2942 subitoque
710 2849 826 2920 dedere
844 2849 983 2920 ruinam!

203 2977 303 3047 Nemo
322 2984 387 3045 tam
405 2975 512 3044 firmas
531 2975 653 3044 radices
671 2973 814 3044 crederet
832 2993 973 3064 unquam

203 3099 334 3170 Visuras
351 3101 437 3182 olim,
458 3117 635 3178 conversas,
657 3097 774 3178 sidera,
794 3116 872 3166 neve

101 3221 106 3234 '
203 3225 337 3314 Semper
354 3223 468 3293 celatas
487 3226 550 3293 imo
568 3222 627 3292 sub
645 3223 771 3313 gurgite
791 3241 900 3293 arenas

203 3349 301 3421 Ponto
320 3368 413 3439 posse
432 3349 552 3427 innare,
571 3346 665 3416 undis
683 3355 841 3437 ventoque
859 3346 1006 3415 revulsas.

581 3699 582 3704 ’
646 3705 752 3768 LXXX

202 3972 361 4062 Vasquius
379 3978 411 4039 at
429 3979 514 4040 tanto
532 3989 664 4040 cernens
681 3969 861 4040 discrimine
880 3969 978 4038 Gama

202 4096 292 4166 Votis
310 4113 409 4186 paene
426 4094 557 4185 expletis
575 4113 673 4183 seque
691 4112 828 4182 suosque
848 4091 965 4181 perire,

201 4223 335 4311 Jamque
353 4219 565 4290 dehiscentem
583 4219 763 4310 contingere
781 4216 910 4286 Tartara
927 4235 1050 4297 narem,

202 4349 337 4438 Jamque
355 4347 442 4417 noris
460 4344 550 4415 furiis
568 4345 704 4416 excitam
722 4343 761 4414 ad
780 4343 883 4414 sidera
900 4342 982 4424 tolli;

202 4471 343 4543 lnoertus
362 4471 457 4553 vitae,
477 4469 640 4561 perculsus
658 4470 752 4540 oorda
770 4487 896 4560 pavore,

203 4596 283 4688 Spes
300 4595 356 4666 ubi
374 4596 460 4667 nulla
479 4595 598 4676 subest,
618 4594 704 4663 nulla
721 4601 769 4664 est
787 4591 941 4662 medicina
958 4591 1089 4682 periclo

201 4723 242 4792 Et
262 4722 407 4802 validam,
428 4730 460 4791 et
478 4729 618 4790 sanctam
636 4721 702 4790 vim
719 4718 864 4789 Numinis
882 4720 1004 4788 invocat
1023 4718 1107 4788 illam

202 4847 261 4918 Cui
281 4811 362 4938 quae
381 4865 473 4937 posse
491 4854 605 4934 negant
622 4843 692 4915 fieri
712 4843 804 4914 datur
823 4844 927 4912 omnia
946 4861 1048 4933 posse.
