3440 5392
627 469 716 516 eluda
734 469 846 518 Patulus

716 727 760 790 Vl

239 990 354 1080 Tuque
374 991 452 1058 adeo
472 987 550 1058 bene
569 995 641 1057 nata
659 988 749 1068 sides
766 995 798 1058 et
815 989 905 1058 firma
925 989 1034 1058 salutis

243 1112 401 1193 anchora,
423 1111 549 1181 libertas
568 1131 629 1202 qua
647 1114 777 1203 pristina
796 1113 877 1182 Lusa
896 1113 1072 1195 recumbit;

242 1237 307 1308 Nec
325 1239 430 1307 miuus
449 1237 580 1328 exiguae
599 1257 671 1327 spes
688 1257 708 1307 o
726 1239 900 1308 certissima
919 1239 1031 1329 gentis,
1103 1313 1104 1316 ,

242 1359 458 1430 christiadum
477 1361 564 1430 Fidei
583 1370 672 1431 uatos
691 1369 832 1443 auctura,
852 1365 1013 1432 trementis

244 1485 365 1554 Horror
385 1484 465 1566 Alri,
484 1485 675 1576 Mauraeque
692 1506 794 1555 uovus
809 1489 903 1557 timor
921 1486 1046 1556 additus
1064 1485 1187 1566 hastae;

244 1609 322 1680 Acri
343 1612 537 1700 prodigium,
557 1620 588 1679 et
607 1610 708 1680 latalis
727 1611 824 1700 gloria
839 1611 952 1692 uostri;

244 1735 311 1804 Rex
331 1735 423 1804 datus
442 1757 459 1806 a
476 1735 620 1824 Superis,
641 1744 725 1804 totus
744 1735 795 1805 cui
814 1738 928 1805 serviat
946 1736 1043 1816 orbis.

242 1857 288 1930 Ut
305 1859 436 1949 Superis
455 1861 512 1929 des
531 1879 679 1948 magnam
697 1859 792 1938 orbis,
812 1880 871 1949 pro
889 1879 1033 1938 munere,
1054 1868 1192 1949 partem:

713 2217 773 2281 Vll

242 2482 291 2550 Tu
310 2491 408 2568 tener,
428 2489 521 2570 atque
541 2500 652 2549 recens
670 2480 810 2548 lloreutis
829 2481 969 2568 germine
989 2500 1096 2562 ramus

245 2603 379 2674 Arboris
398 2624 415 2674 e
434 2613 554 2684 trunco,
576 2603 702 2673 Christo
721 2623 801 2694 quae
821 2602 925 2672 carior
939 2604 1022 2671 omni

244 2727 379 2808 Arbore,
401 2729 439 2796 ad
460 2727 614 2797 Occiduas
633 2747 714 2818 quae
734 2725 862 2796 brachia
881 2727 1010 2817 protulit
1028 2747 1112 2807 oras,

246 2853 377 2922 Nomine
397 2874 453 2922 seu
471 2851 598 2934 Christi,
617 2873 675 2922 seu
694 2851 840 2922 Caesaris
860 2852 911 2920 illa
930 2862 1075 2932 vocetur;
1118 2873 1121 2880 ’

246 2977 440 3066 Argumenta
460 2986 534 3046 tuus
552 2977 682 3067 clypeus
701 2975 757 3046 tibi
776 2986 931 3045 monstrat
949 2977 1076 3057 amoris,

118 3153 120 3156 -
246 3103 337 3172 Stant
355 3103 410 3172 ubi
429 3104 589 3196 praeteriti
608 3103 782 3193 praeseutia
801 3103 889 3192 signa
908 3101 1071 3192 triumphi,

245 3227 326 3296 Cum
344 3227 401 3296 tibi
421 3228 514 3297 chara
534 3229 631 3308 dedit,
652 3227 824 3318 clypeoque
843 3227 978 3318 gerenda
997 3227 1125 3318 reliquit

247 3351 332 3434 Quae
352 3351 410 3420 sibi
431 3353 469 3420 de
488 3350 588 3441 plagis
607 3351 689 3420 fixus
707 3351 808 3420 Cruce
828 3360 989 3420 stemmata
1009 3351 1160 3440 sumpsit:

698 3709 779 3772 llll

244 3971 291 4038 Tu
311 3971 377 4038 llas
396 3991 520 4060 magne,
541 3971 656 4040 Oriens
674 3971 765 4060 cujus
784 3973 828 4041 sol
848 3973 959 4061 aspicit
978 3973 1087 4060 ingeris

245 4093 426 4182 Imperium,
447 4095 587 4183 primum
608 4114 680 4163 cum
700 4095 829 4164 cardine
849 4095 951 4184 surgit
969 4095 1052 4185 Eoo;

245 4219 401 4310 Quodque
421 4220 516 4288 etiam
535 4219 640 4289 medio
658 4219 803 4290 sublimis
823 4221 938 4322 aliare
958 4227 1074 4298 tuetur,

245 4343 285 4411 Et
304 4364 402 4433 prono
421 4354 600 4415 extremum
619 4365 692 4414 carm
711 4345 829 4414 decidit
847 4345 924 4414 orbe
944 4344 1108 4434 relinquit;

244 4467 302 4547 Tu,
323 4489 419 4559 quem
437 4469 538 4539 mauri
559 4470 675 4560 equitis
694 4470 878 4560 turpissima
899 4489 984 4538 sacra
1005 4469 1150 4547 colentis,

244 4593 416 4681 Speramus
436 4595 502 4664 lore
521 4595 620 4664 Marte
637 4594 759 4685 jugum,
781 4594 847 4664 lore
868 4595 1009 4663 dedecus
1028 4595 1134 4674 armis

244 4715 365 4807 Eoique
380 4719 475 4787 etiam
493 4719 625 4798 lurore,
647 4719 818 4809 populique
838 4717 972 4808 profani,

244 4839 305 4922 Qui
326 4841 473 4910 Jordauis
493 4842 596 4912 adhoc
617 4851 759 4911 sanctum
778 4843 856 4912 bibit
877 4842 1020 4912 ellanicus
1039 4860 1176 4912 amnem.
