3394 5372
909 441 1066 488 tustanus
1165 429 1168 436 '

926 683 1042 760 tttlxxl

488 961 515 1030 0
534 969 638 1030 custos
657 961 821 1030 hominum
839 962 1042 1040 miserenum,
1063 969 1189 1029 aeterna
1210 969 1366 1050 potestas,

488 1087 550 1170 Qui
569 1086 667 1168 coelo,
688 1095 719 1154 et
738 1095 853 1166 terrae,
874 1107 910 1156 ac
929 1086 1040 1176 pelago
1059 1085 1115 1156 das
1130 1085 1201 1174 jura
1221 1086 1392 1176 prolundo.

488 1209 626 1298 Auspice
644 1229 708 1300 quo
726 1209 849 1280 soboles
866 1209 1039 1279 Israelitica
1059 1209 1219 1301 quondam

489 1333 613 1423 Carpsit
632 1333 694 1403 iter
712 1333 824 1404 mediis
842 1333 1008 1424 Erythraei
1026 1333 1194 1403 marmoris
1211 1333 1322 1402 undis:

489 1458 586 1549 Cujus
603 1479 663 1548 ope
683 1459 782 1528 evasit
801 1459 904 1549 pelagi
923 1458 1107 1528 discrimina
1125 1457 1253 1538 Paulus,

489 1582 637 1672 Syrtibus
655 1581 770 1664 infidis,
790 1581 982 1672 tumidisque
1001 1589 1132 1671 ereptus
1151 1581 1190 1650 ab
1207 1580 1318 1663 undis;

491 1706 638 1776 Praeside
656 1727 729 1796 quo,
750 1706 830 1774 natis
848 1705 1085 1786 comitantibus,
1106 1705 1210 1774 extitit
1228 1705 1308 1774 alter

491 1829 620 1909 Auctor,
641 1838 672 1898 et
690 1831 831 1920 oppressi
851 1839 883 1898 et
902 1833 990 1900 vacui
1010 1849 1085 1920 spes
1104 1831 1200 1900 altera
1220 1830 1345 1901 mundi:

925 2188 1054 2251 Lxxxu

493 2452 527 2519 Si
545 2452 633 2521 licuit
650 2451 754 2542 pelagi
772 2453 877 2520 varios
895 2471 1046 2542 superare
1066 2452 1200 2530 furores,

493 2575 597 2667 Atque
613 2577 705 2647 aliam
723 2577 868 2666 Scyllam,
888 2585 982 2667 atque
1000 2578 1093 2646 ubam
1112 2585 1236 2646 tranare
1253 2575 1459 2668 Charybdim:

493 2702 528 2771 Si
545 2701 666 2782 brevia,
685 2711 779 2794 atque
798 2703 868 2772 aliis
886 2711 1067 2792 praetentas
1085 2702 1224 2792 syrtibus
1242 2680 1354 2782 undas,

491 2824 532 2893 Et
549 2847 629 2894 nova
646 2833 710 2895 tam
728 2825 815 2896 dirae
833 2826 932 2895 uitare
950 2826 1107 2896 Ceraunia
1125 2825 1242 2908 lamae3

492 2948 557 3019 Cur
574 2950 679 3031 modo,
698 2951 877 3040 permensis
895 2958 941 3018 tot
960 2952 1047 3039 ponti
1066 2950 1261 3040 ambagibus,
1282 2950 1402 3020 haustis

491 3073 664 3152 Fluctibus,
684 3074 816 3144 adverso
833 3073 967 3142 miseros
985 3093 1042 3142 nos
1061 3073 1192 3164 respicis
1210 3075 1289 3143 ore‘l

491 3197 557 3267 Nec
573 3197 662 3266 labor
681 3198 738 3267 iste
757 3207 873 3276 tamen,
895 3195 1003 3275 credo,
1025 3205 1077 3264 tua
1097 3199 1222 3266 numina
1242 3198 1346 3278 laedit,

491 3320 558 3391 lmo
577 3323 621 3390 tui
641 3327 732 3391 causa
750 3323 822 3392 laeti
840 3321 1036 3411 suscepimus
1056 3321 1154 3390 illum.

915 3681 1058 3743 txxxttt

491 3943 537 4012 llli
556 3963 574 4012 o
593 3944 709 4022 ielices,
729 3965 748 4012 o
767 3955 889 4033 terque,
911 3953 1084 4034 quaterque
1102 3943 1197 4025 beati,

490 4067 623 4137 Pulvere
643 4069 696 4158 qui
716 4068 827 4158 libyco,
849 4068 907 4137 tela
928 4069 1010 4136 inter
1029 4077 1117 4137 acuta
1136 4078 1283 4137 ruentum
1405 4091 1409 4096 ·

490 4192 652 4274 dirorum,
672 4201 802 4281 potuere
822 4193 915 4272 mori,
936 4193 1128 4262 sanctissima
1147 4194 1242 4262 rastis

489 4317 574 4386 Dum
592 4316 666 4386 fidei
685 4316 871 4386 documenta
890 4326 1001 4406 parant
1020 4316 1191 4386 defendere
1211 4318 1344 4408 campis!
1420 4400 1425 4411 .

489 4442 633 4527 Quorum
652 4441 730 4512 adeo
749 4442 886 4532 egregiis
905 4440 1104 4511 celebrantur
1122 4443 1249 4512 nomina
1268 4443 1368 4523 lactis,

489 4565 632 4650 Quorum
649 4586 731 4634 nunc
749 4565 858 4635 viumt
876 4573 1077 4635 monumenta
1097 4566 1227 4636 illustria
1247 4565 1356 4645 lamae,

489 4691 550 4775 Qui
569 4712 678 4782 sparso
696 4692 791 4761 talem
809 4700 995 4762 meruerunt
1014 4692 1166 4783 sanguine
1183 4693 1330 4781 palmam,

489 4815 550 4884 nm
569 4823 604 4884 ut
623 4815 719 4884 ruem
738 4817 906 4884 marsna
926 4814 1048 4885 aurem
1068 4817 1148 4906 ipsu!
1363 4791 1371 4824 ¹
