3440 5392
507 1259 911 1385 Luslnuuu

559 1793 661 1851 LIBER
680 1793 858 1852 SECUNDUS

702 2131 715 2192 Ι
814 2123 820 2133 .

211 2390 349 2462 Lucidus
367 2391 486 2461 interea
504 2391 631 2462 coelesti
651 2411 669 2462 e
687 2391 761 2464 sede
778 2392 914 2484 planeta,

211 2515 366 2607 Tempora
385 2517 439 2606 qui
459 2517 589 2606 paribus
605 2517 682 2586 lucis
701 2517 897 2600 discriminat
914 2517 1012 2600 horis,

209 2639 276 2710 diat
294 2641 326 2708 in
345 2647 482 2731 optatam
501 2641 621 2711 devexo
639 2642 758 2712 lumine
775 2650 903 2722 metant,

209 2764 327 2834 Lentus
346 2765 401 2834 ubi
419 2765 535 2846 radice,
556 2766 714 2836 subtracta
732 2766 813 2848 luce,
834 2765 967 2857 negabat

210 2890 364 2961 Gentibus
382 2890 514 2974 Oceani;
534 2901 654 2962 secreto
672 2913 690 2962 e
708 2891 817 2960 limine
835 2913 952 2962 nurnen

208 3013 407 3085 Nocturnum
425 3035 518 3086 verso
537 3016 696 3087 reserabat
714 3017 842 3086 cardine
860 3026 981 3106 postes:

209 3137 290 3208 Curn
308 3158 378 3210 sese
396 3139 435 3209 ad
453 3159 546 3210 nares
563 3139 747 3211 Maurorum
765 3141 862 3210 infida
880 3142 1019 3212 tulerunt

208 3263 356 3356 Agmina,
377 3285 456 3356 quas
473 3286 576 3356 nuper
592 3266 776 3339 fundaverat
793 3267 928 3340 anchora
947 3277 1052 3360 portu.

693 3625 719 3687 ΙΙ

209 3885 293 3958 Ante
312 3885 389 3955 alios
407 3906 501 3968 unus,
522 3887 573 3958 cui
592 3855 706 3958 tradita
724 3908 799 3959 eura
817 3889 973 3980 parandae

209 4010 343 4081 Fraudis
362 4011 394 4080 iu
412 4011 556 4092 exitium,
574 4011 648 4081 ficto
666 4013 710 4082 sic
729 4013 942 4106 oreJoeutus:

208 4136 409 4227 Magnanimo
427 4157 446 4206 o
464 4136 597 4219 Ductor,
616 4139 711 4208 rostri
730 4139 784 4228 qui
804 4140 933 4229 cuspide
951 4140 1046 4210 salsas

209 4258 315 4330 Ausus
333 4261 510 4341 inuenies,
530 4241 688 4353 Neptunia
707 4281 802 4350 regna
821 4263 941 4346 secasti,

207 4383 321 4456 Nostra
339 4393 395 4455 tuo
412 4387 570 4476 princeps,
590 4387 642 4456 cui
660 4386 806 4457 subditur
823 4388 936 4468 insula,
955 4396 1078 4459 tantum

210 4507 358 4580 Adventu
377 4511 506 4592 exultat,
528 4512 605 4581 nibil
623 4521 659 4581 ut
677 4512 896 4582 vehementius
914 4521 1000 4603 optet

208 4633 309 4720 Quarn
328 4644 359 4705 te
378 4637 572 4726 conspicere,
591 4637 726 4726 bospitio
744 4636 938 4728 dapibusque
951 4640 1071 4728 juvare,

219 4759 325 4851 Atque
343 4780 458 4832 ornare
477 4771 572 4843 rates,
591 4763 617 4832 si
636 4763 712 4852 quid
730 4763 825 4832 maris
843 4762 971 4834 abstulit
988 4785 1075 4834 usus.
