3406 5378
595 479 686 528 LlBEll
706 480 840 530 DEllllllUS

694 739 744 801 XC

219 999 365 1094 Aspicies
384 1000 497 1082 varios,
517 1001 651 1071 diversis
670 1000 818 1080 motibus,
839 999 944 1082 orbes,

218 1126 308 1197 Nunc
326 1145 422 1197 cursu
440 1125 561 1218 rapido,
581 1147 665 1197 nunc
683 1125 772 1196 tarda
789 1125 873 1197 mole
891 1127 1030 1197 moveri:

218 1249 309 1322 Nunc
326 1249 451 1342 lugiunt
468 1260 626 1334 centrum,
646 1236 795 1322 distairtes
813 1251 914 1322 limite
932 1251 1038 1344 longo,

218 1375 309 1446 Nunc
327 1383 430 1448 terrae
449 1375 603 1447 accedunt
620 1383 773 1466 quantum
790 1375 984 1466 permittitur
1003 1376 1089 1467 ipsis.

219 1499 271 1570 Sic
288 1499 381 1570 Pater
399 1498 607 1591 Omnipotens
626 1499 736 1580 voluit,
756 1499 811 1592 qui
830 1499 968 1570 condidit
985 1499 1105 1590 ignem,

218 1622 339 1694 Atreus
356 1631 486 1706 tractus,
505 1632 689 1715 ventosque,
709 1625 863 1715 nivesque
881 1624 1040 1716 rigentes3

219 1749 306 1834 Quos
324 1749 430 1820 videas
448 1749 602 1840 sphaerae
620 1749 743 1842 gremio
761 1749 911 1820 interiore
929 1748 1021 1820 cieri:

219 1873 277 1944 His
295 1881 440 1944 centrum
457 1881 546 1945 vasto
563 1893 637 1944 cum
656 1881 754 1964 ponto
772 1881 820 1944 est
837 1873 923 1944 arida
941 1881 1037 1944 terra.

683 2232 745 2296 xct

218 2497 306 2568 llanc
324 2495 464 2566 habitant
481 2496 636 2578 homines,
656 2514 836 2566 concessam
855 2517 872 2566 a
890 2496 1038 2577 Numine,
1059 2497 1178 2579 sedem,

216 2619 363 2692 Audaces
379 2620 524 2702 nimium,
544 2621 635 2712 queis
651 2641 716 2692 non
735 2621 811 2692 satis
828 2641 939 2711 aspera
958 2621 1041 2692 lerrc

217 2744 338 2815 Damna
355 2744 433 2826 solo,
453 2743 608 2836 firmeque
625 2747 690 2836 pati
709 2745 822 2816 tellure
839 2745 975 2827 labores,

216 2870 256 2941 Ni
274 2869 418 2961 graviora
435 2869 533 2939 maris
550 2871 653 2940 saeris
672 2871 832 2961 patiantur
851 2870 883 2940 in
900 2871 1009 2942 undis:

217 2995 277 3065 llic
294 3014 407 3065 cernes
424 2995 527 3066 varias
545 3015 623 3086 quas
641 3003 746 3086 partes
765 2993 880 3065 dividit
898 3015 1018 3087 aequor

217 3117 364 3200 Telluris
382 3137 499 3209 magno
516 3137 589 3188 cum
606 3137 773 3189 mmmure
791 3118 896 3188 littora
916 3120 1058 3210 cingens;

215 3242 359 3334 Aspicies
377 3243 479 3314 varias
497 3252 619 3334 gentes,
639 3262 808 3334 moresque
824 3242 949 3314 videbis

215 3366 376 3450 Diversus,
395 3367 481 3459 leges
500 3368 613 3451 varias,
633 3387 789 3459 regesque
807 3377 961 3459 potentes,

675 3729 749 3792 XCll

214 3987 434 4060 Christicolam
451 4008 546 4060 cerne
563 3987 736 4081 Europam,
755 4009 836 4080 quae
854 3990 966 4060 clarior
984 4009 1094 4060 omnes

213 4114 378 4186 Praecedit
395 4114 481 4206 pacis
498 4112 623 4195 studiis,
643 4114 782 4204 bellique
801 4113 970 4204 trophaeis.

213 4239 317 4310 Africa
334 4259 404 4310 sese
422 4239 522 4310 oculis
539 4239 675 4310 ostendit
692 4259 785 4310 avara
802 4239 970 4320 bonorum,

213 4366 300 4451 Quae
318 4365 391 4436 colit
407 4365 495 4436 orbis
514 4367 599 4437 iners
617 4366 744 4447 inculta,
765 4375 797 4436 et
814 4366 907 4456 plena
926 4364 1083 4436 ferarum:

212 4489 298 4561 llaec
315 4489 439 4580 Rupem
457 4490 570 4560 attollit
587 4489 677 4561 vobis
696 4510 758 4560 non
777 4492 850 4560 ante
868 4497 1038 4580 repertam,

212 4615 304 4699 Quod
322 4624 433 4685 natura
451 4614 557 4685 minan
575 4615 699 4686 tristem
718 4615 872 4687 convertit
890 4615 921 4685 in
935 4612 1107 4699 Austrum3

211 4723 437 4830 Telluremque
455 4738 541 4809 illam
560 4741 656 4831 quim
674 4739 734 4810 lata
753 4748 801 4810 est
820 4738 941 4830 aspice:
963 4747 1061 4810 totam

211 4863 396 4934 Innumerae
416 4864 537 4935 sulcant
555 4864 622 4934 sine
641 4864 722 4955 lege,
743 4873 774 4934 et
791 4863 926 4936 Numine
943 4874 1063 4956 gentes.
