3406 5378
597 478 687 524 LIBER
709 479 843 528 DECIMUS

677 737 761 799 lllllll

222 999 306 1082 Quas
325 999 430 1068 cernis
446 999 543 1068 variis
561 998 695 1070 habitari
714 1000 860 1090 gentibus
877 1019 959 1082 orae,

223 1123 288 1192 llos
306 1122 387 1192 inter
404 1123 527 1204 duvios,
546 1124 677 1213 longum
694 1133 743 1194 est
760 1145 927 1196 numerare
944 1125 1075 1196 videnti:

162 1263 168 1276 ·
223 1246 309 1316 Haeo
327 1246 408 1317 idola
428 1247 512 1328 colit,
533 1247 749 1319 blahometum
769 1251 899 1340 suscipit
917 1249 980 1331 illa,

221 1370 319 1453 Queis
337 1372 440 1460 potuit
458 1371 589 1442 daemon
608 1372 740 1462 scriptas
758 1372 920 1463 imponere
938 1375 1038 1466 leges:

202 1478 392 1585 'Narsingae
411 1515 504 1566 serae
521 1496 703 1586 imperium,
725 1497 810 1586 quod
828 1507 933 1568 servat
952 1499 1052 1569 amieo

222 1621 391 1711 llelliquias
409 1623 540 1712 gremio,
562 1631 625 1691 tam
643 1623 738 1713 longo
757 1642 775 1691 a
793 1630 945 1713 tempore,
966 1625 1115 1706 Thomae,

220 1747 348 1837 Egregii
367 1747 484 1818 virtute
502 1748 573 1830 riri,
594 1748 649 1839 qui
668 1749 799 1819 vulnera
818 1747 935 1820 Christi

222 1870 369 1962 Contigit,
389 1882 420 1942 et
437 1873 528 1943 lateri
546 1873 661 1964 digitos
679 1874 784 1965 injecit
803 1883 922 1966 aperto.

687 2234 748 2295 Clll

221 2465 340 2566 Floruit
358 2495 406 2566 his
424 2496 488 2566 oris
506 2495 585 2566 urbs
602 2497 851 2588 praedurissima
870 2499 1041 2589 quondam,

219 2619 379 2710 Meliapor‚
400 2619 547 2690 domibus
564 2621 655 2691 oelsis
672 2624 836 2712 murisque
854 2622 1005 2713 superba:

222 2742 305 2813 Vana
323 2742 417 2814 deum
436 2743 595 2834 quondam
614 2747 746 2836 supplex
764 2744 951 2816 simulachra
969 2746 1102 2828 oolehat,
1236 2775 1242 2792 ·

218 2869 294 2950 Neo,
314 2867 433 2951 delusa,
453 2869 546 2940 hodie
565 2890 642 2961 gens
661 2872 747 2941 oultu
765 2870 886 2942 absistit
904 2872 1026 2962 iniquo:

219 2993 306 3063 Tuno
323 2994 434 3084 prooul
454 3016 470 3063 a
488 2995 589 3086 pelagi
609 2967 742 3065 distabat
759 2995 875 3076 littore,
896 2997 1019 3086 quando

219 3117 304 3188 Vooe
321 3118 442 3199 Fidem,
462 3127 527 3189 toto
546 3139 627 3209 quae
645 3119 764 3190 diditur
781 3119 871 3202 orbe,
891 3119 1022 3190 dooebat

168 3322 172 3332 1
219 3238 431 3311 Christiadum
447 3241 583 3313 Thomas
600 3252 750 3326 sensum,
770 3244 919 3334 oooloque
936 3244 1070 3326 favente,

220 3364 332 3434 Divino
350 3367 529 3448 innumeras
547 3367 695 3438 lustrerat
712 3367 831 3438 lumine
849 3377 968 3460 gentes,

691 3727 741 3787 CX

220 3986 303 4056 llaeo
322 4005 399 4077 ergo
416 3996 542 4056 sanetus
559 3988 685 4058 veniens
703 3986 741 4057 ad
756 3988 858 4058 littora
876 4007 989 4078 praem

219 4109 353 4180 Sombat
370 4110 507 4192 morbos,
529 4119 559 4182 et
577 4119 700 4181 mortua
719 4131 851 4201 corpora
869 4111 950 4181 vitae

219 4232 397 4304 Reddebat:
417 4235 542 4305 fluitans
559 4235 668 4325 ingens
686 4235 726 4304 ad
743 4235 846 4305 littora
864 4235 985 4325 lignum

219 4357 371 4450 Apparet,
391 4359 506 4441 subito,
525 4370 618 4430 vento
637 4360 782 4451 pelente,
801 4381 859 4451 per
875 4360 986 4432 undas.

219 4483 298 4568 Rex,
317 4487 370 4575 qui
391 4493 464 4554 tuno
482 4485 617 4556 labrioae
635 4493 800 4568 tectorum,
819 4487 986 4577 operisque
1003 4488 1143 4570 vacabat,

149 4699 153 4706 .
219 4607 286 4679 lloo
302 4600 423 4700 lignum
441 4610 548 4680 statuit
566 4610 643 4680 tales
661 4597 843 4680 convertere
861 4611 892 4678 in
910 4630 998 4693 usus,

218 4731 284 4804 Neo
302 4731 424 4803 dubitat
441 4741 565 4802 vastum
583 4732 759 4824 propellere
778 4733 816 4803 ad
834 4734 939 4804 littora
956 4745 1105 4808 truncum

219 4857 325 4939 Posse,
344 4855 582 4947 elephantorum
602 4877 637 4927 ao
655 4857 810 4930 humanae
827 4857 948 4929 viribus
965 4861 1051 4932 artis
