<?xml version="1.0" encoding="UTF-8"?>
<!DOCTYPE html PUBLIC "-//W3C//DTD XHTML 1.0 Transitional//EN"
    "http://www.w3.org/TR/xhtml1/DTD/xhtml1-transitional.dtd">
<html xmlns="http://www.w3.org/1999/xhtml" xml:lang="en" lang="en">
 <head>
  <title>
</title>
<meta http-equiv="Content-Type" content="text/html;charset=utf-8" />
  <meta name='ocr-system' content='tesseract 3.04.00' />
  <meta name='ocr-capabilities' content='ocr_page ocr_carea ocr_par ocr_line ocrx_word'/>
</head>
<body>
  <div class='ocr_page' id='page_1' title='image "./alusiadadeluizd00deslgoog_0217.png"; bbox 0 0 3394 5372; ppageno 0'>
   <div class='ocr_carea' id='block_1_1' title="bbox 883 444 1035 762">
    <p class='ocr_par' dir='ltr' id='par_1_1' title="bbox 883 444 1035 762">
     <span class='ocr_line' id='line_1_1' title="bbox 883 444 1035 492; baseline -0.007 -2"><span class='ocrx_word' id='word_1_1' title='bbox 883 444 1035 492; x_wconf 80' lang='lat' dir='ltr'>uusrnnne</span> 
     </span>
     <span class='ocr_line' id='line_1_2' title="bbox 927 701 990 762; baseline 0 -1"><span class='ocrx_word' id='word_1_2' title='bbox 927 701 990 762; x_wconf 88' lang='lat' dir='ltr'>lllll</span> 
     </span>
    </p>
   </div>
   <div class='ocr_carea' id='block_1_2' title="bbox 464 941 1363 1924">
    <p class='ocr_par' dir='ltr' id='par_1_2' title="bbox 467 941 1302 1178">
     <span class='ocr_line' id='line_1_3' title="bbox 468 941 1302 1054; baseline 0 -22"><span class='ocrx_word' id='word_1_3' title='bbox 468 965 575 1048; x_wconf 85' lang='lat' dir='ltr'>Qualis</span> <span class='ocrx_word' id='word_1_4' title='bbox 592 965 744 1054; x_wconf 80' lang='lat' dir='ltr'><strong>purpurei</strong></span> <span class='ocrx_word' id='word_1_5' title='bbox 761 983 859 1053; x_wconf 90' lang='lat' dir='ltr'>quum</span> <span class='ocrx_word' id='word_1_6' title='bbox 878 963 955 1032; x_wconf 88' lang='lat' dir='ltr'>lacta</span> <span class='ocrx_word' id='word_1_7' title='bbox 977 965 1102 1043; x_wconf 80' lang='lat' dir='ltr'>eoloris,</span> <span class='ocrx_word' id='word_1_8' title='bbox 1122 963 1235 1032; x_wconf 85' lang='lat' dir='ltr'>hirudo</span> <span class='ocrx_word' id='word_1_9' title='bbox 1300 941 1302 944; x_wconf 27' lang='lat'>⁵</span> 
     </span>
     <span class='ocr_line' id='line_1_4' title="bbox 467 1075 1226 1178; baseline -0.001 -21"><span class='ocrx_word' id='word_1_10' title='bbox 467 1089 691 1178; x_wconf 84' lang='lat' dir='ltr'>Quadrupedis</span> <span class='ocrx_word' id='word_1_11' title='bbox 709 1087 807 1157; x_wconf 91' lang='lat' dir='ltr'>lahris</span> <span class='ocrx_word' id='word_1_12' title='bbox 826 1075 967 1158; x_wconf 86' lang='lat' dir='ltr'>incautae</span> <span class='ocrx_word' id='word_1_13' title='bbox 986 1087 1077 1157; x_wconf 83' lang='lat' dir='ltr'>allum</span> <span class='ocrx_word' id='word_1_14' title='bbox 1096 1089 1226 1168; x_wconf 72' lang='lat' dir='ltr'>resellis,</span> 
     </span>
    </p>

    <p class='ocr_par' dir='ltr' id='par_1_3' title="bbox 465 1212 1296 1427">
     <span class='ocr_line' id='line_1_5' title="bbox 466 1212 1296 1312; baseline -0.002 -30"><span class='ocrx_word' id='word_1_15' title='bbox 466 1214 526 1312; x_wconf 84' lang='lat' dir='ltr'>Qui</span> <span class='ocrx_word' id='word_1_16' title='bbox 544 1214 676 1282; x_wconf 82' lang='lat' dir='ltr'><strong>mixtam</strong></span> <span class='ocrx_word' id='word_1_17' title='bbox 694 1213 805 1302; x_wconf 80' lang='lat' dir='ltr'>gelidis</span> <span class='ocrx_word' id='word_1_18' title='bbox 825 1212 1008 1302; x_wconf 84' lang='lat' dir='ltr'>imprudens</span> <span class='ocrx_word' id='word_1_19' title='bbox 1029 1212 1164 1282; x_wconf 88' lang='lat' dir='ltr'>lontibus</span> <span class='ocrx_word' id='word_1_20' title='bbox 1183 1212 1296 1287; x_wconf 89' lang='lat' dir='ltr'>hausit,</span> 
     </span>
     <span class='ocr_line' id='line_1_6' title="bbox 465 1337 1207 1427; baseline -0.001 -20"><span class='ocrx_word' id='word_1_21' title='bbox 465 1338 552 1422; x_wconf 82' lang='lat' dir='ltr'>Quae</span> <span class='ocrx_word' id='word_1_22' title='bbox 571 1337 639 1406; x_wconf 91' lang='lat' dir='ltr'>sitis</span> <span class='ocrx_word' id='word_1_23' title='bbox 658 1339 789 1406; x_wconf 83' lang='lat' dir='ltr'>arrlores</span> <span class='ocrx_word' id='word_1_24' title='bbox 808 1337 908 1406; x_wconf 92' lang='lat' dir='ltr'>alieno</span> <span class='ocrx_word' id='word_1_25' title='bbox 928 1338 1079 1427; x_wconf 81' lang='lat' dir='ltr'>sanguine</span> <span class='ocrx_word' id='word_1_26' title='bbox 1099 1338 1207 1426; x_wconf 89' lang='lat' dir='ltr'>placat,</span> 
     </span>
    </p>

    <p class='ocr_par' dir='ltr' id='par_1_4' title="bbox 464 1461 1363 1924">
     <span class='ocr_line' id='line_1_7' title="bbox 464 1461 1363 1551; baseline -0.002 -21"><span class='ocrx_word' id='word_1_27' title='bbox 464 1462 506 1530; x_wconf 87' lang='lat' dir='ltr'>Et</span> <span class='ocrx_word' id='word_1_28' title='bbox 523 1462 624 1550; x_wconf 84' lang='lat' dir='ltr'>magis</span> <span class='ocrx_word' id='word_1_29' title='bbox 642 1469 736 1551; x_wconf 90' lang='lat' dir='ltr'>atque</span> <span class='ocrx_word' id='word_1_30' title='bbox 754 1462 855 1550; x_wconf 80' lang='lat' dir='ltr'>magis</span> <span class='ocrx_word' id='word_1_31' title='bbox 875 1481 994 1550; x_wconf 85' lang='lat' dir='ltr'>sugens</span> <span class='ocrx_word' id='word_1_32' title='bbox 1012 1461 1197 1550; x_wconf 76' lang='lat' dir='ltr'>pinguescit,</span> <span class='ocrx_word' id='word_1_33' title='bbox 1219 1469 1250 1529; x_wconf 91' lang='lat' dir='ltr'>et</span> <span class='ocrx_word' id='word_1_34' title='bbox 1270 1471 1363 1550; x_wconf 77' lang='lat' dir='ltr'>auget</span> 
     </span>
     <span class='ocr_line' id='line_1_8' title="bbox 465 1584 1360 1675; baseline 0 -21"><span class='ocrx_word' id='word_1_35' title='bbox 465 1584 578 1655; x_wconf 84' lang='lat' dir='ltr'>Cressa</span> <span class='ocrx_word' id='word_1_36' title='bbox 597 1593 711 1666; x_wconf 90' lang='lat' dir='ltr'>cutem,</span> <span class='ocrx_word' id='word_1_37' title='bbox 730 1585 875 1675; x_wconf 80' lang='lat' dir='ltr'>laxatque</span> <span class='ocrx_word' id='word_1_38' title='bbox 894 1595 991 1665; x_wconf 90' lang='lat' dir='ltr'>artus,</span> <span class='ocrx_word' id='word_1_39' title='bbox 1011 1585 1188 1674; x_wconf 83' lang='lat' dir='ltr'>crescitque</span> <span class='ocrx_word' id='word_1_40' title='bbox 1207 1584 1360 1664; x_wconf 84' lang='lat' dir='ltr'>hihendo;</span> 
     </span>
     <span class='ocr_line' id='line_1_9' title="bbox 464 1687 1280 1798; baseline 0.002 -20"><span class='ocrx_word' id='word_1_41' title='bbox 464 1709 555 1778; x_wconf 84' lang='lat' dir='ltr'>Haud</span> <span class='ocrx_word' id='word_1_42' title='bbox 576 1729 667 1778; x_wconf 91' lang='lat' dir='ltr'>secus</span> <span class='ocrx_word' id='word_1_43' title='bbox 687 1708 843 1778; x_wconf 91' lang='lat' dir='ltr'>undarum</span> <span class='ocrx_word' id='word_1_44' title='bbox 861 1709 1003 1798; x_wconf 89' lang='lat' dir='ltr'>repletur</span> <span class='ocrx_word' id='word_1_45' title='bbox 1021 1687 1103 1778; x_wconf 90' lang='lat' dir='ltr'>mole</span> <span class='ocrx_word' id='word_1_46' title='bbox 1123 1709 1280 1780; x_wconf 81' lang='lat' dir='ltr'>columna.</span> 
     </span>
     <span class='ocr_line' id='line_1_10' title="bbox 464 1829 1267 1924; baseline 0 -22"><span class='ocrx_word' id='word_1_47' title='bbox 464 1835 571 1924; x_wconf 86' lang='lat' dir='ltr'>Seque</span> <span class='ocrx_word' id='word_1_48' title='bbox 589 1833 652 1912; x_wconf 87' lang='lat' dir='ltr'>alit.</span> <span class='ocrx_word' id='word_1_49' title='bbox 671 1833 876 1922; x_wconf 89' lang='lat' dir='ltr'>haerentique</span> <span class='ocrx_word' id='word_1_50' title='bbox 897 1834 955 1903; x_wconf 89' lang='lat' dir='ltr'>sibi</span> <span class='ocrx_word' id='word_1_51' title='bbox 977 1829 1030 1902; x_wconf 82' lang='lat' dir='ltr'>‹la&#39;t</span> <span class='ocrx_word' id='word_1_52' title='bbox 1049 1834 1161 1923; x_wconf 87' lang='lat' dir='ltr'>pabula</span> <span class='ocrx_word' id='word_1_53' title='bbox 1182 1834 1267 1903; x_wconf 91' lang='lat' dir='ltr'>nuhi.</span> 
     </span>
    </p>
   </div>
   <div class='ocr_carea' id='block_1_3' title="bbox 920 2193 995 2252">
    <p class='ocr_par' dir='ltr' id='par_1_5' title="bbox 920 2193 995 2252">
     <span class='ocr_line' id='line_1_11' title="bbox 920 2193 995 2252; baseline 0 0"><span class='ocrx_word' id='word_1_54' title='bbox 920 2193 995 2252; x_wconf 83' lang='lat' dir='ltr'>XXII</span> 
     </span>
    </p>
   </div>
   <div class='ocr_carea' id='block_1_4' title="bbox 442 2437 1403 2672">
    <p class='ocr_par' dir='ltr' id='par_1_6' title="bbox 442 2437 1403 2672">
     <span class='ocr_line' id='line_1_12' title="bbox 464 2437 1293 2546; baseline -0.002 -22"><span class='ocrx_word' id='word_1_55' title='bbox 464 2454 506 2524; x_wconf 77' lang='lat' dir='ltr'>,lt</span> <span class='ocrx_word' id='word_1_56' title='bbox 524 2464 691 2546; x_wconf 88' lang='lat' dir='ltr'>postquam</span> <span class='ocrx_word' id='word_1_57' title='bbox 710 2455 835 2544; x_wconf 90' lang='lat' dir='ltr'>penitus</span> <span class='ocrx_word' id='word_1_58' title='bbox 854 2454 990 2545; x_wconf 85' lang='lat' dir='ltr'>lymphis</span> <span class='ocrx_word' id='word_1_59' title='bbox 1010 2464 1145 2524; x_wconf 90' lang='lat' dir='ltr'>saturata</span> <span class='ocrx_word' id='word_1_60' title='bbox 1166 2437 1293 2544; x_wconf 80' lang='lat' dir='ltr'>quierit.</span> 
     </span>
     <span class='ocr_line' id='line_1_13' title="bbox 442 2578 1403 2672; baseline 0 -24"><span class='ocrx_word' id='word_1_61' title='bbox 442 2593 444 2596; x_wconf 85' lang='grc'><strong><em>·</em></strong></span> <span class='ocrx_word' id='word_1_62' title='bbox 463 2578 598 2659; x_wconf 88' lang='lat' dir='ltr'>Destitit,</span> <span class='ocrx_word' id='word_1_63' title='bbox 619 2588 713 2669; x_wconf 90' lang='lat' dir='ltr'>atque</span> <span class='ocrx_word' id='word_1_64' title='bbox 732 2581 845 2669; x_wconf 79' lang='lat' dir='ltr'>perlem</span> <span class='ocrx_word' id='word_1_65' title='bbox 862 2579 973 2669; x_wconf 82' lang='lat' dir='ltr'>pelago</span> <span class='ocrx_word' id='word_1_66' title='bbox 992 2599 1085 2669; x_wconf 88' lang='lat' dir='ltr'>quem</span> <span class='ocrx_word' id='word_1_67' title='bbox 1103 2587 1269 2658; x_wconf 88' lang='lat' dir='ltr'>merserat,</span> <span class='ocrx_word' id='word_1_68' title='bbox 1290 2579 1360 2648; x_wconf 82' lang='lat' dir='ltr'>inrle</span> <span class='ocrx_word' id='word_1_69' title='bbox 1402 2669 1403 2672; x_wconf 8' lang='grc' dir='ltr'><strong>Ἴ</strong></span> 
     </span>
    </p>
   </div>
   <div class='ocr_carea' id='block_1_5' title="bbox 417 2703 1385 3416">
    <p class='ocr_par' dir='ltr' id='par_1_7' title="bbox 462 2703 1343 2917">
     <span class='ocr_line' id='line_1_14' title="bbox 462 2703 1343 2801; baseline -0.002 -29"><span class='ocrx_word' id='word_1_70' title='bbox 462 2703 615 2783; x_wconf 80' lang='lat' dir='ltr'>Extrahit,</span> <span class='ocrx_word' id='word_1_71' title='bbox 635 2724 653 2772; x_wconf 91' lang='lat' dir='ltr'>e</span> <span class='ocrx_word' id='word_1_72' title='bbox 672 2705 759 2773; x_wconf 86' lang='lat' dir='ltr'>coelo</span> <span class='ocrx_word' id='word_1_73' title='bbox 778 2703 916 2772; x_wconf 88' lang='lat' dir='ltr'>resoluta</span> <span class='ocrx_word' id='word_1_74' title='bbox 937 2704 1051 2772; x_wconf 75' lang='lat' dir='ltr'>volavit</span> <span class='ocrx_word' id='word_1_75' title='bbox 1070 2704 1101 2771; x_wconf 93' lang='lat' dir='ltr'>in</span> <span class='ocrx_word' id='word_1_76' title='bbox 1120 2703 1250 2782; x_wconf 84' lang='lat' dir='ltr'>imbres,</span> <span class='ocrx_word' id='word_1_77' title='bbox 1339 2786 1343 2801; x_wconf 38' lang='grc' dir='ltr'>Ι</span> 
     </span>
     <span class='ocr_line' id='line_1_15' title="bbox 462 2827 1244 2917; baseline -0.001 -22"><span class='ocrx_word' id='word_1_78' title='bbox 462 2827 689 2917; x_wconf 84' lang='lat' dir='ltr'>Suhjeotasque</span> <span class='ocrx_word' id='word_1_79' title='bbox 708 2827 807 2897; x_wconf 85' lang='lat' dir='ltr'>unrlas</span> <span class='ocrx_word' id='word_1_80' title='bbox 826 2827 997 2896; x_wconf 86' lang='lat' dir='ltr'>levioribus</span> <span class='ocrx_word' id='word_1_81' title='bbox 1016 2828 1123 2916; x_wconf 83' lang='lat' dir='ltr'>irrigat</span> <span class='ocrx_word' id='word_1_82' title='bbox 1140 2827 1244 2896; x_wconf 89' lang='lat' dir='ltr'>undis:</span> 
     </span>
    </p>

    <p class='ocr_par' dir='ltr' id='par_1_8' title="bbox 448 2939 1385 3291">
     <span class='ocr_line' id='line_1_16' title="bbox 463 2939 1385 3042; baseline 0.001 -22"><span class='ocrx_word' id='word_1_83' title='bbox 463 2953 578 3021; x_wconf 87' lang='lat' dir='ltr'>Reddit</span> <span class='ocrx_word' id='word_1_84' title='bbox 598 2953 689 3042; x_wconf 90' lang='lat' dir='ltr'>aquis</span> <span class='ocrx_word' id='word_1_85' title='bbox 708 2973 787 3042; x_wconf 89' lang='lat' dir='ltr'>quas</span> <span class='ocrx_word' id='word_1_86' title='bbox 805 2952 911 3021; x_wconf 92' lang='lat' dir='ltr'>hausit</span> <span class='ocrx_word' id='word_1_87' title='bbox 929 2972 1041 3040; x_wconf 90' lang='lat' dir='ltr'>aquas,</span> <span class='ocrx_word' id='word_1_88' title='bbox 1055 2939 1117 3021; x_wconf 70' lang='lat' dir='ltr'>‘secl</span> <span class='ocrx_word' id='word_1_89' title='bbox 1136 2951 1264 3022; x_wconf 83' lang='lat' dir='ltr'>foenore</span> <span class='ocrx_word' id='word_1_90' title='bbox 1284 2960 1385 3033; x_wconf 88' lang='lat' dir='ltr'>certo;</span> 
     </span>
     <span class='ocr_line' id='line_1_17' title="bbox 462 3075 1381 3166; baseline -0.001 -20"><span class='ocrx_word' id='word_1_91' title='bbox 462 3077 542 3146; x_wconf 93' lang='lat' dir='ltr'>Nam</span> <span class='ocrx_word' id='word_1_92' title='bbox 561 3076 624 3146; x_wconf 86' lang='lat' dir='ltr'>sale</span> <span class='ocrx_word' id='word_1_93' title='bbox 642 3085 830 3166; x_wconf 89' lang='lat' dir='ltr'>consumpto</span> <span class='ocrx_word' id='word_1_94' title='bbox 849 3076 972 3146; x_wconf 86' lang='lat' dir='ltr'>dulcem</span> <span class='ocrx_word' id='word_1_95' title='bbox 992 3077 1102 3166; x_wconf 89' lang='lat' dir='ltr'>accipit</span> <span class='ocrx_word' id='word_1_96' title='bbox 1120 3075 1204 3146; x_wconf 86' lang='lat' dir='ltr'>unda</span> <span class='ocrx_word' id='word_1_97' title='bbox 1224 3095 1381 3166; x_wconf 88' lang='lat' dir='ltr'>saporem.</span> 
     </span>
     <span class='ocr_line' id='line_1_18' title="bbox 448 3201 1319 3291; baseline -0.001 -21"><span class='ocrx_word' id='word_1_98' title='bbox 448 3201 552 3270; x_wconf 82' lang='lat' dir='ltr'>.Nunc</span> <span class='ocrx_word' id='word_1_99' title='bbox 571 3202 698 3291; x_wconf 86' lang='lat' dir='ltr'>sophiae</span> <span class='ocrx_word' id='word_1_100' title='bbox 718 3221 825 3270; x_wconf 91' lang='lat' dir='ltr'>rerum</span> <span class='ocrx_word' id='word_1_101' title='bbox 845 3209 976 3270; x_wconf 88' lang='lat' dir='ltr'>eventus</span> <span class='ocrx_word' id='word_1_102' title='bbox 996 3202 1199 3289; x_wconf 86' lang='lat' dir='ltr'>speculentur</span> <span class='ocrx_word' id='word_1_103' title='bbox 1217 3201 1319 3270; x_wconf 88' lang='lat' dir='ltr'>amici.</span> 
     </span>
    </p>

    <p class='ocr_par' dir='ltr' id='par_1_9' title="bbox 417 3293 1292 3416">
     <span class='ocr_line' id='line_1_19' title="bbox 417 3293 1292 3416; baseline -0.001 -24"><span class='ocrx_word' id='word_1_104' title='bbox 417 3333 419 3338; x_wconf 86' lang='lat'>&#39;</span> <span class='ocrx_word' id='word_1_105' title='bbox 463 3323 566 3415; x_wconf 85' lang='lat' dir='ltr'>htque</span> <span class='ocrx_word' id='word_1_106' title='bbox 585 3344 621 3393; x_wconf 91' lang='lat' dir='ltr'>ea</span> <span class='ocrx_word' id='word_1_107' title='bbox 639 3293 768 3393; x_wconf 81' lang='lat' dir='ltr'>aethrae</span> <span class='ocrx_word' id='word_1_108' title='bbox 787 3345 867 3412; x_wconf 86' lang='lat' dir='ltr'>quae</span> <span class='ocrx_word' id='word_1_109' title='bbox 887 3324 949 3392; x_wconf 89' lang='lat' dir='ltr'>sint</span> <span class='ocrx_word' id='word_1_110' title='bbox 968 3324 1117 3416; x_wconf 88' lang='lat' dir='ltr'>miracula</span> <span class='ocrx_word' id='word_1_111' title='bbox 1136 3332 1292 3414; x_wconf 88' lang='lat' dir='ltr'>promant.</span> 
     </span>
    </p>
   </div>
   <div class='ocr_carea' id='block_1_6' title="bbox 913 3683 1001 3744">
    <p class='ocr_par' dir='ltr' id='par_1_10' title="bbox 913 3683 1001 3744">
     <span class='ocr_line' id='line_1_20' title="bbox 913 3683 1001 3744; baseline 0.011 -1"><span class='ocrx_word' id='word_1_112' title='bbox 913 3683 1001 3744; x_wconf 87' lang='lat' dir='ltr'>Xlllll</span> 
     </span>
    </p>
   </div>
   <div class='ocr_carea' id='block_1_7' title="bbox 432 3945 1378 4903">
    <p class='ocr_par' dir='ltr' id='par_1_11' title="bbox 461 3945 1378 4159">
     <span class='ocr_line' id='line_1_21' title="bbox 461 3945 1378 4035; baseline 0 -21"><span class='ocrx_word' id='word_1_113' title='bbox 461 3945 564 4014; x_wconf 85' lang='lat' dir='ltr'>Credo</span> <span class='ocrx_word' id='word_1_114' title='bbox 584 3945 732 4035; x_wconf 78' lang='lat' dir='ltr'>equirlem</span> <span class='ocrx_word' id='word_1_115' title='bbox 750 3945 873 4035; x_wconf 86' lang='lat' dir='ltr'>priscos</span> <span class='ocrx_word' id='word_1_116' title='bbox 893 3953 1021 4013; x_wconf 88' lang='lat' dir='ltr'>naturae</span> <span class='ocrx_word' id='word_1_117' title='bbox 1040 3946 1180 4034; x_wconf 90' lang='lat' dir='ltr'>artisque</span> <span class='ocrx_word' id='word_1_118' title='bbox 1200 3945 1378 4034; x_wconf 77' lang='lat' dir='ltr'>magistros.</span> 
     </span>
     <span class='ocr_line' id='line_1_22' title="bbox 461 4068 1291 4159; baseline 0 -21"><span class='ocrx_word' id='word_1_119' title='bbox 461 4068 609 4138; x_wconf 86' lang='lat' dir='ltr'>llisrendi</span> <span class='ocrx_word' id='word_1_120' title='bbox 628 4090 708 4158; x_wconf 89' lang='lat' dir='ltr'>quos</span> <span class='ocrx_word' id='word_1_121' title='bbox 727 4069 791 4159; x_wconf 83' lang='lat' dir='ltr'>egit</span> <span class='ocrx_word' id='word_1_122' title='bbox 809 4090 897 4139; x_wconf 89' lang='lat' dir='ltr'>amor</span> <span class='ocrx_word' id='word_1_123' title='bbox 916 4089 994 4137; x_wconf 86' lang='lat' dir='ltr'>nora</span> <span class='ocrx_word' id='word_1_124' title='bbox 1014 4089 1166 4158; x_wconf 90' lang='lat' dir='ltr'>quaerere</span> <span class='ocrx_word' id='word_1_125' title='bbox 1186 4090 1291 4158; x_wconf 82' lang='lat' dir='ltr'>regna,</span> 
     </span>
    </p>

    <p class='ocr_par' dir='ltr' id='par_1_12' title="bbox 460 4192 1377 4416">
     <span class='ocr_line' id='line_1_23' title="bbox 460 4192 1377 4284; baseline -0.002 -22"><span class='ocrx_word' id='word_1_126' title='bbox 460 4194 494 4262; x_wconf 89' lang='lat' dir='ltr'>Si</span> <span class='ocrx_word' id='word_1_127' title='bbox 514 4213 593 4283; x_wconf 90' lang='lat' dir='ltr'>quae</span> <span class='ocrx_word' id='word_1_128' title='bbox 612 4192 715 4262; x_wconf 91' lang='lat' dir='ltr'>ohlata</span> <span class='ocrx_word' id='word_1_129' title='bbox 734 4193 809 4262; x_wconf 94' lang='lat' dir='ltr'>mihi</span> <span class='ocrx_word' id='word_1_130' title='bbox 829 4193 979 4264; x_wconf 86' lang='lat' dir='ltr'>miracula</span> <span class='ocrx_word' id='word_1_131' title='bbox 997 4214 1109 4284; x_wconf 84' lang='lat' dir='ltr'>magna</span> <span class='ocrx_word' id='word_1_132' title='bbox 1128 4193 1283 4274; x_wconf 79' lang='lat' dir='ltr'>videntes,</span> <span class='ocrx_word' id='word_1_133' title='bbox 1375 4237 1377 4240; x_wconf 94' lang='lat'>-</span> 
     </span>
     <span class='ocr_line' id='line_1_24' title="bbox 460 4317 1344 4416; baseline 0 -30"><span class='ocrx_word' id='word_1_134' title='bbox 460 4317 518 4386; x_wconf 87' lang='lat' dir='ltr'>Tot</span> <span class='ocrx_word' id='word_1_135' title='bbox 536 4317 634 4385; x_wconf 91' lang='lat' dir='ltr'>maria</span> <span class='ocrx_word' id='word_1_136' title='bbox 654 4325 684 4386; x_wconf 92' lang='lat' dir='ltr'>et</span> <span class='ocrx_word' id='word_1_137' title='bbox 704 4326 823 4397; x_wconf 73' lang='lat' dir='ltr'>ventos</span> <span class='ocrx_word' id='word_1_138' title='bbox 844 4326 889 4387; x_wconf 94' lang='lat' dir='ltr'>tot</span> <span class='ocrx_word' id='word_1_139' title='bbox 908 4317 1064 4416; x_wconf 88' lang='lat' dir='ltr'>inhospita</span> <span class='ocrx_word' id='word_1_140' title='bbox 1083 4318 1187 4387; x_wconf 90' lang='lat' dir='ltr'>littora</span> <span class='ocrx_word' id='word_1_141' title='bbox 1205 4327 1344 4395; x_wconf 86' lang='lat' dir='ltr'>nossent,</span> 
     </span>
    </p>

    <p class='ocr_par' dir='ltr' id='par_1_13' title="bbox 432 4440 1269 4780">
     <span class='ocr_line' id='line_1_25' title="bbox 432 4440 1269 4520; baseline -0.002 -10"><span class='ocrx_word' id='word_1_142' title='bbox 432 4443 435 4449; x_wconf 83' lang='lat'>&#39;</span> <span class='ocrx_word' id='word_1_143' title='bbox 459 4440 556 4510; x_wconf 89' lang='lat' dir='ltr'>Multa</span> <span class='ocrx_word' id='word_1_144' title='bbox 576 4441 742 4512; x_wconf 90' lang='lat' dir='ltr'>relicturos</span> <span class='ocrx_word' id='word_1_145' title='bbox 761 4462 869 4511; x_wconf 90' lang='lat' dir='ltr'>rerum</span> <span class='ocrx_word' id='word_1_146' title='bbox 888 4451 1087 4512; x_wconf 88' lang='lat' dir='ltr'>monumenta</span> <span class='ocrx_word' id='word_1_147' title='bbox 1107 4461 1269 4520; x_wconf 87' lang='lat' dir='ltr'>novarum,</span> 
     </span>
     <span class='ocr_line' id='line_1_26' title="bbox 460 4565 1254 4656; baseline 0 -22"><span class='ocrx_word' id='word_1_148' title='bbox 460 4565 555 4653; x_wconf 82' lang='lat' dir='ltr'>Signa</span> <span class='ocrx_word' id='word_1_149' title='bbox 574 4574 747 4646; x_wconf 87' lang='lat' dir='ltr'>notaturus,</span> <span class='ocrx_word' id='word_1_150' title='bbox 767 4575 861 4656; x_wconf 88' lang='lat' dir='ltr'>atque</span> <span class='ocrx_word' id='word_1_151' title='bbox 881 4576 964 4635; x_wconf 88' lang='lat' dir='ltr'>astra</span> <span class='ocrx_word' id='word_1_152' title='bbox 982 4566 1139 4656; x_wconf 79' lang='lat' dir='ltr'>incognita</span> <span class='ocrx_word' id='word_1_153' title='bbox 1158 4567 1254 4645; x_wconf 92' lang='lat' dir='ltr'>coel0,</span> 
     </span>
     <span class='ocr_line' id='line_1_27' title="bbox 458 4688 1168 4780; baseline 0.003 -24"><span class='ocrx_word' id='word_1_154' title='bbox 458 4688 610 4768; x_wconf 86' lang='lat' dir='ltr'>lullums,</span> <span class='ocrx_word' id='word_1_155' title='bbox 632 4695 744 4758; x_wconf 81' lang='lat' dir='ltr'>arcana</span> <span class='ocrx_word' id='word_1_156' title='bbox 762 4691 836 4780; x_wconf 91' lang='lat' dir='ltr'>poli,</span> <span class='ocrx_word' id='word_1_157' title='bbox 856 4691 1002 4780; x_wconf 85' lang='lat' dir='ltr'>viresque</span> <span class='ocrx_word' id='word_1_158' title='bbox 1021 4691 1168 4771; x_wconf 71' lang='lat' dir='ltr'>latentes:</span> 
     </span>
    </p>

    <p class='ocr_par' dir='ltr' id='par_1_14' title="bbox 459 4811 1298 4903">
     <span class='ocr_line' id='line_1_28' title="bbox 459 4811 1298 4903; baseline -0.001 -24"><span class='ocrx_word' id='word_1_159' title='bbox 459 4811 536 4879; x_wconf 88' lang='lat' dir='ltr'>Mira</span> <span class='ocrx_word' id='word_1_160' title='bbox 557 4811 693 4899; x_wconf 81' lang='lat' dir='ltr'>quidem,</span> <span class='ocrx_word' id='word_1_161' title='bbox 715 4815 768 4881; x_wconf 85' lang='lat' dir='ltr'>seri</span> <span class='ocrx_word' id='word_1_162' title='bbox 791 4833 874 4882; x_wconf 83' lang='lat' dir='ltr'>reru.</span> <span class='ocrx_word' id='word_1_163' title='bbox 894 4813 1040 4903; x_wconf 87' lang='lat' dir='ltr'>omnique</span> <span class='ocrx_word' id='word_1_164' title='bbox 1061 4814 1198 4882; x_wconf 90' lang='lat' dir='ltr'>rarentiu</span> <span class='ocrx_word' id='word_1_165' title='bbox 1218 4813 1298 4882; x_wconf 87' lang='lat' dir='ltr'>iuro.</span> 
     </span>
    </p>
   </div>
   <div class='ocr_carea' id='block_1_8' title="bbox 0 0 1702 5372">
    <p class='ocr_par' dir='ltr' id='par_1_15' title="bbox 0 0 1702 5372">
     <span class='ocr_line' id='line_1_29' title="bbox 0 0 1702 5372; baseline 0 3"><span class='ocrx_word' id='word_1_166' title='bbox 0 0 1702 5372; x_wconf 95' lang='lat' dir='ltr'> </span> 
     </span>
    </p>
   </div>
  </div>
 </body>
</html>
