<?xml version="1.0" encoding="UTF-8"?>
<!DOCTYPE html PUBLIC "-//W3C//DTD XHTML 1.0 Transitional//EN"
    "http://www.w3.org/TR/xhtml1/DTD/xhtml1-transitional.dtd">
<html xmlns="http://www.w3.org/1999/xhtml" xml:lang="en" lang="en">
 <head>
  <title>
</title>
<meta http-equiv="Content-Type" content="text/html;charset=utf-8" />
  <meta name='ocr-system' content='tesseract 3.04.00' />
  <meta name='ocr-capabilities' content='ocr_page ocr_carea ocr_par ocr_line ocrx_word'/>
</head>
<body>
  <div class='ocr_page' id='page_1' title='image "./alusiadadeluizd00deslgoog_0064.png"; bbox 0 0 3440 5392; ppageno 0'>
   <div class='ocr_carea' id='block_1_1' title="bbox 594 374 816 422">
    <p class='ocr_par' dir='ltr' id='par_1_1' title="bbox 594 374 816 422">
     <span class='ocr_line' id='line_1_1' title="bbox 594 374 816 422; baseline -0.005 0"><span class='ocrx_word' id='word_1_1' title='bbox 594 374 683 422; x_wconf 80' lang='lat' dir='ltr'><strong>LIBER</strong></span> <span class='ocrx_word' id='word_1_2' title='bbox 705 374 816 422; x_wconf 75' lang='lat' dir='ltr'>PRIMUS</span> 
     </span>
    </p>
   </div>
   <div class='ocr_carea' id='block_1_2' title="bbox 633 633 779 696">
    <p class='ocr_par' dir='ltr' id='par_1_2' title="bbox 633 633 779 696">
     <span class='ocr_line' id='line_1_2' title="bbox 633 633 779 696; baseline 0.014 -2"><span class='ocrx_word' id='word_1_3' title='bbox 633 633 779 696; x_wconf 83' lang='lat' dir='ltr'>LXXXIV</span> 
     </span>
    </p>
   </div>
   <div class='ocr_carea' id='block_1_3' title="bbox 201 893 1089 1858">
    <p class='ocr_par' dir='ltr' id='par_1_3' title="bbox 201 893 1089 1858">
     <span class='ocr_line' id='line_1_3' title="bbox 207 893 934 986; baseline -0.004 -19"><span class='ocrx_word' id='word_1_4' title='bbox 207 895 305 967; x_wconf 91' lang='lat' dir='ltr'>Natus</span> <span class='ocrx_word' id='word_1_5' title='bbox 324 893 490 986; x_wconf 82' lang='lat' dir='ltr'>Apollineo</span> <span class='ocrx_word' id='word_1_6' title='bbox 505 894 572 986; x_wconf 82' lang='lat' dir='ltr'>jaun</span> <span class='ocrx_word' id='word_1_7' title='bbox 590 893 636 964; x_wconf 89' lang='lat' dir='ltr'>sol</span> <span class='ocrx_word' id='word_1_8' title='bbox 655 897 776 965; x_wconf 92' lang='lat' dir='ltr'>oriente</span> <span class='ocrx_word' id='word_1_9' title='bbox 795 897 934 966; x_wconf 75' lang='lat' dir='ltr'><strong>coruscis</strong></span> 
     </span>
     <span class='ocr_line' id='line_1_4' title="bbox 201 1019 984 1102; baseline -0.003 -12"><span class='ocrx_word' id='word_1_10' title='bbox 201 1020 375 1102; x_wconf 83' lang='lat' dir='ltr'>¹Lustrabat</span> <span class='ocrx_word' id='word_1_11' title='bbox 395 1020 490 1090; x_wconf 90' lang='lat' dir='ltr'>radiis</span> <span class='ocrx_word' id='word_1_12' title='bbox 508 1019 679 1090; x_wconf 88' lang='lat' dir='ltr'>Nabathaei</span> <span class='ocrx_word' id='word_1_13' title='bbox 699 1021 836 1090; x_wconf 89' lang='lat' dir='ltr'>culmina</span> <span class='ocrx_word' id='word_1_14' title='bbox 853 1022 984 1090; x_wconf 90' lang='lat' dir='ltr'>montis:</span> 
     </span>
     <span class='ocr_line' id='line_1_5' title="bbox 208 1145 985 1236; baseline -0.001 -21"><span class='ocrx_word' id='word_1_15' title='bbox 208 1146 344 1236; x_wconf 82' lang='lat' dir='ltr'>Agmine</span> <span class='ocrx_word' id='word_1_16' title='bbox 362 1166 437 1217; x_wconf 90' lang='grc'><strong>1111</strong></span> <span class='ocrx_word' id='word_1_17' title='bbox 455 1148 539 1216; x_wconf 92' lang='lat' dir='ltr'>socio</span> <span class='ocrx_word' id='word_1_18' title='bbox 558 1165 628 1216; x_wconf 89' lang='lat' dir='ltr'>sese</span> <span class='ocrx_word' id='word_1_19' title='bbox 646 1145 710 1214; x_wconf 84' lang='lat' dir='ltr'>dux</span> <span class='ocrx_word' id='word_1_20' title='bbox 728 1146 827 1216; x_wconf 89' lang='lat' dir='ltr'>Gama</span> <span class='ocrx_word' id='word_1_21' title='bbox 844 1145 985 1235; x_wconf 89' lang='lat' dir='ltr'>parabat,</span> 
     </span>
     <span class='ocr_line' id='line_1_6' title="bbox 210 1248 1037 1355; baseline -0.004 -15"><span class='ocrx_word' id='word_1_22' title='bbox 210 1271 385 1355; x_wconf 86' lang='lat' dir='ltr'>Quaereret</span> <span class='ocrx_word' id='word_1_23' title='bbox 402 1278 438 1339; x_wconf 92' lang='grc'>11</span> <span class='ocrx_word' id='word_1_24' title='bbox 455 1271 573 1341; x_wconf 83' lang='lat' dir='ltr'>vitreas</span> <span class='ocrx_word' id='word_1_25' title='bbox 590 1269 712 1340; x_wconf 87' lang='lat' dir='ltr'>ratibus</span> <span class='ocrx_word' id='word_1_26' title='bbox 730 1248 909 1340; x_wconf 83' lang='lat' dir='ltr'>sitientibus</span> <span class='ocrx_word' id='word_1_27' title='bbox 925 1270 1037 1340; x_wconf 80' lang='lat' dir='ltr'>undas</span> 
     </span>
     <span class='ocr_line' id='line_1_7' title="bbox 211 1394 1045 1486; baseline -0.001 -23"><span class='ocrx_word' id='word_1_28' title='bbox 211 1395 349 1486; x_wconf 80' lang='lat' dir='ltr'>Quisque</span> <span class='ocrx_word' id='word_1_29' title='bbox 368 1394 430 1463; x_wconf 86' lang='lat' dir='ltr'>sioi</span> <span class='ocrx_word' id='word_1_30' title='bbox 448 1395 561 1464; x_wconf 88' lang='lat' dir='ltr'>occulti</span> <span class='ocrx_word' id='word_1_31' title='bbox 580 1415 636 1465; x_wconf 86' lang='lat' dir='ltr'>seu</span> <span class='ocrx_word' id='word_1_32' title='bbox 655 1395 815 1485; x_wconf 88' lang='lat' dir='ltr'>praescius</span> <span class='ocrx_word' id='word_1_33' title='bbox 832 1415 918 1464; x_wconf 90' lang='lat' dir='ltr'>anna</span> <span class='ocrx_word' id='word_1_34' title='bbox 936 1395 1045 1485; x_wconf 85' lang='lat' dir='ltr'>pericli</span> 
     </span>
     <span class='ocr_line' id='line_1_8' title="bbox 212 1519 1089 1610; baseline -0.001 -22"><span class='ocrx_word' id='word_1_35' title='bbox 212 1519 326 1600; x_wconf 80' lang='lat' dir='ltr'>Induit,</span> <span class='ocrx_word' id='word_1_36' title='bbox 346 1527 441 1610; x_wconf 88' lang='lat' dir='ltr'>atque</span> <span class='ocrx_word' id='word_1_37' title='bbox 460 1519 564 1588; x_wconf 90' lang='lat' dir='ltr'>animo</span> <span class='ocrx_word' id='word_1_38' title='bbox 582 1519 761 1589; x_wconf 89' lang='lat' dir='ltr'>venientem</span> <span class='ocrx_word' id='word_1_39' title='bbox 779 1519 932 1609; x_wconf 76' lang='lat' dir='ltr'>praecipit</span> <span class='ocrx_word' id='word_1_40' title='bbox 950 1519 1089 1602; x_wconf 82' lang='lat' dir='ltr'>hostem3</span> 
     </span>
     <span class='ocr_line' id='line_1_9' title="bbox 213 1642 948 1734; baseline 0.001 -22"><span class='ocrx_word' id='word_1_41' title='bbox 213 1642 339 1712; x_wconf 77' lang='lat' dir='ltr'>Scilicet</span> <span class='ocrx_word' id='word_1_42' title='bbox 357 1663 469 1713; x_wconf 90' lang='lat' dir='ltr'>arcana</span> <span class='ocrx_word' id='word_1_43' title='bbox 487 1663 577 1712; x_wconf 88' lang='lat' dir='ltr'>mens</span> <span class='ocrx_word' id='word_1_44' title='bbox 595 1643 774 1734; x_wconf 84' lang='lat' dir='ltr'>suspicione</span> <span class='ocrx_word' id='word_1_45' title='bbox 791 1652 948 1723; x_wconf 84' lang='lat' dir='ltr'>movetur,</span> 
     </span>
     <span class='ocr_line' id='line_1_10' title="bbox 215 1767 955 1858; baseline 0 -22"><span class='ocrx_word' id='word_1_46' title='bbox 215 1767 379 1838; x_wconf 82' lang='lat' dir='ltr'>Falluntur</span> <span class='ocrx_word' id='word_1_47' title='bbox 395 1787 454 1838; x_wconf 87' lang='lat' dir='ltr'>nec</span> <span class='ocrx_word' id='word_1_48' title='bbox 472 1768 566 1838; x_wconf 88' lang='lat' dir='ltr'>corda</span> <span class='ocrx_word' id='word_1_49' title='bbox 583 1767 658 1837; x_wconf 92' lang='grc'><strong>11111</strong></span> <span class='ocrx_word' id='word_1_50' title='bbox 676 1787 827 1858; x_wconf 84' lang='lat' dir='ltr'>praesaga</span> <span class='ocrx_word' id='word_1_51' title='bbox 846 1767 955 1838; x_wconf 83' lang='lat' dir='ltr'>futuri.</span> 
     </span>
    </p>
   </div>
   <div class='ocr_carea' id='block_1_4' title="bbox 644 2126 779 2191">
    <p class='ocr_par' dir='ltr' id='par_1_4' title="bbox 644 2126 779 2191">
     <span class='ocr_line' id='line_1_11' title="bbox 644 2126 779 2191; baseline 0.007 -2"><span class='ocrx_word' id='word_1_52' title='bbox 644 2126 779 2191; x_wconf 82' lang='lat' dir='ltr'>LXXXV</span> 
     </span>
    </p>
   </div>
   <div class='ocr_carea' id='block_1_5' title="bbox 217 2389 1097 2733">
    <p class='ocr_par' dir='ltr' id='par_1_5' title="bbox 217 2389 1097 2733">
     <span class='ocr_line' id='line_1_12' title="bbox 217 2389 1081 2482; baseline 0.002 -22"><span class='ocrx_word' id='word_1_53' title='bbox 217 2391 314 2461; x_wconf 86' lang='lat' dir='ltr'>Gaura</span> <span class='ocrx_word' id='word_1_54' title='bbox 333 2391 429 2461; x_wconf 90' lang='lat' dir='ltr'>etiam</span> <span class='ocrx_word' id='word_1_55' title='bbox 447 2389 547 2480; x_wconf 85' lang='lat' dir='ltr'>spcios</span> <span class='ocrx_word' id='word_1_56' title='bbox 564 2390 771 2480; x_wconf 78' lang='lat' dir='ltr'>praemiserat</span> <span class='ocrx_word' id='word_1_57' title='bbox 790 2399 871 2470; x_wconf 90' lang='grc'><strong>1111,</strong></span> <span class='ocrx_word' id='word_1_58' title='bbox 891 2392 1081 2482; x_wconf 85' lang='lat' dir='ltr'>magistrum</span> 
     </span>
     <span class='ocr_line' id='line_1_13' title="bbox 218 2514 980 2606; baseline 0 -22"><span class='ocrx_word' id='word_1_59' title='bbox 218 2515 279 2598; x_wconf 84' lang='lat' dir='ltr'>Qui</span> <span class='ocrx_word' id='word_1_60' title='bbox 298 2522 445 2606; x_wconf 85' lang='lat' dir='ltr'>peterent</span> <span class='ocrx_word' id='word_1_61' title='bbox 463 2514 564 2595; x_wconf 87' lang='lat' dir='ltr'>classi,</span> <span class='ocrx_word' id='word_1_62' title='bbox 584 2515 640 2605; x_wconf 88' lang='lat' dir='ltr'>qui</span> <span class='ocrx_word' id='word_1_63' title='bbox 658 2515 758 2586; x_wconf 91' lang='lat' dir='ltr'>tutius</span> <span class='ocrx_word' id='word_1_64' title='bbox 776 2516 823 2586; x_wconf 92' lang='lat' dir='ltr'>ire</span> <span class='ocrx_word' id='word_1_65' title='bbox 842 2515 980 2598; x_wconf 88' lang='lat' dir='ltr'>doceret,</span> 
     </span>
     <span class='ocr_line' id='line_1_14' title="bbox 220 2637 1097 2733; baseline 0.001 -25"><span class='ocrx_word' id='word_1_66' title='bbox 220 2637 435 2730; x_wconf 79' lang='lat' dir='ltr'>Audieratque</span> <span class='ocrx_word' id='word_1_67' title='bbox 454 2638 573 2731; x_wconf 80' lang='lat' dir='ltr'>(aninlo</span> <span class='ocrx_word' id='word_1_68' title='bbox 592 2639 675 2730; x_wconf 91' lang='lat' dir='ltr'>quod</span> <span class='ocrx_word' id='word_1_69' title='bbox 694 2660 758 2709; x_wconf 94' lang='lat' dir='ltr'>non</span> <span class='ocrx_word' id='word_1_70' title='bbox 776 2639 992 2733; x_wconf 85' lang='lat' dir='ltr'>praeceperat)</span> <span class='ocrx_word' id='word_1_71' title='bbox 1010 2659 1097 2709; x_wconf 89' lang='lat' dir='ltr'>arma</span> 
     </span>
    </p>
   </div>
   <div class='ocr_carea' id='block_1_6' title="bbox 220 2764 1126 3353">
    <p class='ocr_par' dir='ltr' id='par_1_6' title="bbox 220 2764 1035 2856">
     <span class='ocr_line' id='line_1_15' title="bbox 220 2764 1035 2856; baseline -0.001 -22"><span class='ocrx_word' id='word_1_72' title='bbox 220 2765 322 2844; x_wconf 86' lang='lat' dir='ltr'>Ferri,</span> <span class='ocrx_word' id='word_1_73' title='bbox 343 2765 459 2834; x_wconf 89' lang='lat' dir='ltr'>armari</span> <span class='ocrx_word' id='word_1_74' title='bbox 480 2765 573 2844; x_wconf 90' lang='lat' dir='ltr'>acies,</span> <span class='ocrx_word' id='word_1_75' title='bbox 593 2765 783 2856; x_wconf 88' lang='lat' dir='ltr'>inopinaque</span> <span class='ocrx_word' id='word_1_76' title='bbox 801 2764 883 2835; x_wconf 88' lang='lat' dir='ltr'>bella</span> <span class='ocrx_word' id='word_1_77' title='bbox 901 2765 1035 2836; x_wconf 85' lang='lat' dir='ltr'>moveri.</span> 
     </span>
    </p>

    <p class='ocr_par' dir='ltr' id='par_1_7' title="bbox 220 2887 1126 3104">
     <span class='ocr_line' id='line_1_16' title="bbox 220 2887 1126 2980; baseline 0.001 -23"><span class='ocrx_word' id='word_1_78' title='bbox 220 2887 287 2958; x_wconf 90' lang='lat' dir='ltr'>Hoc</span> <span class='ocrx_word' id='word_1_79' title='bbox 306 2888 396 2970; x_wconf 90' lang='lat' dir='ltr'>adeo,</span> <span class='ocrx_word' id='word_1_80' title='bbox 415 2897 451 2957; x_wconf 91' lang='lat' dir='ltr'>ut</span> <span class='ocrx_word' id='word_1_81' title='bbox 469 2889 619 2979; x_wconf 86' lang='lat' dir='ltr'>quoniam</span> <span class='ocrx_word' id='word_1_82' title='bbox 638 2888 730 2959; x_wconf 90' lang='lat' dir='ltr'>docet</span> <span class='ocrx_word' id='word_1_83' title='bbox 748 2891 952 2980; x_wconf 81' lang='lat' dir='ltr'>experientia,</span> <span class='ocrx_word' id='word_1_84' title='bbox 975 2898 1126 2980; x_wconf 88' lang='lat' dir='ltr'>quantum</span> 
     </span>
     <span class='ocr_line' id='line_1_17' title="bbox 220 3011 956 3104; baseline 0.001 -22"><span class='ocrx_word' id='word_1_85' title='bbox 220 3013 352 3083; x_wconf 86' lang='lat' dir='ltr'>Fallitur</span> <span class='ocrx_word' id='word_1_86' title='bbox 370 3011 467 3082; x_wconf 88' lang='lat' dir='ltr'>inlido</span> <span class='ocrx_word' id='word_1_87' title='bbox 485 3015 539 3104; x_wconf 87' lang='lat' dir='ltr'>qui</span> <span class='ocrx_word' id='word_1_88' title='bbox 558 3033 591 3084; x_wconf 91' lang='lat' dir='ltr'>se</span> <span class='ocrx_word' id='word_1_89' title='bbox 610 3014 692 3083; x_wconf 89' lang='lat' dir='ltr'>male</span> <span class='ocrx_word' id='word_1_90' title='bbox 711 3014 844 3083; x_wconf 90' lang='lat' dir='ltr'>credidit</span> <span class='ocrx_word' id='word_1_91' title='bbox 862 3014 956 3094; x_wconf 90' lang='lat' dir='ltr'>hosti,</span> 
     </span>
    </p>

    <p class='ocr_par' dir='ltr' id='par_1_8' title="bbox 220 3136 1125 3353">
     <span class='ocr_line' id='line_1_18' title="bbox 220 3136 1125 3230; baseline 0 -22"><span class='ocrx_word' id='word_1_92' title='bbox 220 3136 313 3229; x_wconf 79' lang='lat' dir='ltr'>Cogit</span> <span class='ocrx_word' id='word_1_93' title='bbox 330 3146 367 3207; x_wconf 98' lang='lat' dir='ltr'>ut</span> <span class='ocrx_word' id='word_1_94' title='bbox 385 3138 547 3219; x_wconf 91' lang='lat' dir='ltr'>instructo,</span> <span class='ocrx_word' id='word_1_95' title='bbox 570 3147 721 3228; x_wconf 85' lang='lat' dir='ltr'>quantum</span> <span class='ocrx_word' id='word_1_96' title='bbox 739 3139 811 3209; x_wconf 89' lang='lat' dir='ltr'>licet</span> <span class='ocrx_word' id='word_1_97' title='bbox 830 3140 965 3230; x_wconf 83' lang='lat' dir='ltr'>agmine,</span> <span class='ocrx_word' id='word_1_98' title='bbox 985 3139 1125 3220; x_wconf 90' lang='lat' dir='ltr'>tendant,</span> 
     </span>
     <span class='ocr_line' id='line_1_19' title="bbox 221 3261 1065 3353; baseline 0.002 -23"><span class='ocrx_word' id='word_1_99' title='bbox 221 3261 371 3353; x_wconf 81' lang='lat' dir='ltr'>Impiger,</span> <span class='ocrx_word' id='word_1_100' title='bbox 391 3270 423 3332; x_wconf 95' lang='lat' dir='ltr'>et</span> <span class='ocrx_word' id='word_1_101' title='bbox 442 3270 564 3333; x_wconf 81' lang='lat' dir='ltr'>tantuna</span> <span class='ocrx_word' id='word_1_102' title='bbox 582 3270 689 3332; x_wconf 91' lang='lat' dir='ltr'>ternos</span> <span class='ocrx_word' id='word_1_103' title='bbox 707 3263 772 3353; x_wconf 83' lang='lat' dir='ltr'>agit</span> <span class='ocrx_word' id='word_1_104' title='bbox 790 3283 927 3353; x_wconf 87' lang='lat' dir='ltr'>aequore</span> <span class='ocrx_word' id='word_1_105' title='bbox 945 3263 1065 3334; x_wconf 90' lang='lat' dir='ltr'>lintres.</span> 
     </span>
    </p>
   </div>
   <div class='ocr_carea' id='block_1_7' title="bbox 645 3622 793 3687">
    <p class='ocr_par' dir='ltr' id='par_1_9' title="bbox 645 3622 793 3687">
     <span class='ocr_line' id='line_1_20' title="bbox 645 3622 793 3687; baseline 0 -2"><span class='ocrx_word' id='word_1_106' title='bbox 645 3622 793 3687; x_wconf 85' lang='lat' dir='ltr'>LXXXVl</span> 
     </span>
    </p>
   </div>
   <div class='ocr_carea' id='block_1_8' title="bbox 223 3883 1101 4724">
    <p class='ocr_par' dir='ltr' id='par_1_10' title="bbox 223 3883 1101 4724">
     <span class='ocr_line' id='line_1_21' title="bbox 224 3883 1040 3976; baseline 0 -22"><span class='ocrx_word' id='word_1_107' title='bbox 224 3883 408 3954; x_wconf 87' lang='lat' dir='ltr'>Maurorum</span> <span class='ocrx_word' id='word_1_108' title='bbox 427 3886 558 3966; x_wconf 90' lang='lat' dir='ltr'>interea,</span> <span class='ocrx_word' id='word_1_109' title='bbox 579 3905 660 3976; x_wconf 91' lang='lat' dir='ltr'>quae</span> <span class='ocrx_word' id='word_1_110' title='bbox 679 3886 785 3956; x_wconf 92' lang='lat' dir='ltr'>littore</span> <span class='ocrx_word' id='word_1_111' title='bbox 804 3887 871 3956; x_wconf 88' lang='lat' dir='ltr'>lusa</span> <span class='ocrx_word' id='word_1_112' title='bbox 889 3895 1040 3976; x_wconf 80' lang='lat' dir='ltr'>vagantur</span> 
     </span>
     <span class='ocr_line' id='line_1_22' title="bbox 224 4008 1054 4099; baseline 0 -21"><span class='ocrx_word' id='word_1_113' title='bbox 224 4008 371 4095; x_wconf 78' lang='lat' dir='ltr'>Agmina,</span> <span class='ocrx_word' id='word_1_114' title='bbox 389 4015 426 4076; x_wconf 92' lang='lat' dir='ltr'>nt</span> <span class='ocrx_word' id='word_1_115' title='bbox 443 4017 565 4099; x_wconf 88' lang='lat' dir='ltr'>optatos</span> <span class='ocrx_word' id='word_1_116' title='bbox 582 4008 699 4089; x_wconf 89' lang='lat' dir='ltr'>latices,</span> <span class='ocrx_word' id='word_1_117' title='bbox 721 4008 883 4099; x_wconf 86' lang='lat' dir='ltr'>lontesque</span> <span class='ocrx_word' id='word_1_118' title='bbox 901 4016 1054 4089; x_wconf 89' lang='lat' dir='ltr'>vetarent,</span> 
     </span>
     <span class='ocr_line' id='line_1_23' title="bbox 223 4133 1101 4224; baseline -0.001 -22"><span class='ocrx_word' id='word_1_119' title='bbox 223 4133 303 4202; x_wconf 85' lang='lat' dir='ltr'>Pars</span> <span class='ocrx_word' id='word_1_120' title='bbox 320 4133 460 4204; x_wconf 88' lang='lat' dir='ltr'>relerunt</span> <span class='ocrx_word' id='word_1_121' title='bbox 478 4133 613 4224; x_wconf 78' lang='lat' dir='ltr'>clypeos,</span> <span class='ocrx_word' id='word_1_122' title='bbox 634 4133 829 4224; x_wconf 84' lang='lat' dir='ltr'>vitreataque</span> <span class='ocrx_word' id='word_1_123' title='bbox 847 4133 908 4202; x_wconf 86' lang='lat' dir='ltr'>tela</span> <span class='ocrx_word' id='word_1_124' title='bbox 928 4141 1101 4213; x_wconf 85' lang='lat' dir='ltr'>coruscant,</span> 
     </span>
     <span class='ocr_line' id='line_1_24' title="bbox 223 4257 1012 4349; baseline 0.001 -22"><span class='ocrx_word' id='word_1_125' title='bbox 223 4257 302 4328; x_wconf 90' lang='lat' dir='ltr'>Pars</span> <span class='ocrx_word' id='word_1_126' title='bbox 320 4267 449 4327; x_wconf 83' lang='grc'><strong>1111111</strong></span> <span class='ocrx_word' id='word_1_127' title='bbox 468 4277 570 4340; x_wconf 90' lang='lat' dir='ltr'>arcus,</span> <span class='ocrx_word' id='word_1_128' title='bbox 591 4266 622 4328; x_wconf 91' lang='grc'>11</span> <span class='ocrx_word' id='word_1_129' title='bbox 641 4258 760 4349; x_wconf 90' lang='lat' dir='ltr'>spicula</span> <span class='ocrx_word' id='word_1_130' title='bbox 779 4260 874 4328; x_wconf 92' lang='lat' dir='ltr'>tincta</span> <span class='ocrx_word' id='word_1_131' title='bbox 892 4277 1012 4328; x_wconf 88' lang='lat' dir='ltr'>veneno</span> 
     </span>
     <span class='ocr_line' id='line_1_25' title="bbox 223 4383 966 4475; baseline -0.005 -20"><span class='ocrx_word' id='word_1_132' title='bbox 223 4384 416 4475; x_wconf 79' lang='lat' dir='ltr'>Expediunt,</span> <span class='ocrx_word' id='word_1_133' title='bbox 436 4383 520 4474; x_wconf 81' lang='lat' dir='ltr'>Lysil</span> <span class='ocrx_word' id='word_1_134' title='bbox 539 4385 566 4454; x_wconf 90' lang='lat' dir='ltr'>si</span> <span class='ocrx_word' id='word_1_135' title='bbox 586 4385 650 4454; x_wconf 90' lang='lat' dir='ltr'>lors</span> <span class='ocrx_word' id='word_1_136' title='bbox 668 4403 703 4453; x_wconf 90' lang='grc'>11</span> <span class='ocrx_word' id='word_1_137' title='bbox 722 4384 827 4455; x_wconf 92' lang='lat' dir='ltr'>littora</span> <span class='ocrx_word' id='word_1_138' title='bbox 846 4393 966 4454; x_wconf 90' lang='lat' dir='ltr'>tentent</span> 
     </span>
     <span class='ocr_line' id='line_1_26' title="bbox 223 4508 1019 4600; baseline -0.003 -21"><span class='ocrx_word' id='word_1_139' title='bbox 223 4509 411 4599; x_wconf 82' lang='lat' dir='ltr'>Expectant,</span> <span class='ocrx_word' id='word_1_140' title='bbox 432 4509 556 4600; x_wconf 88' lang='lat' dir='ltr'>aliique,</span> <span class='ocrx_word' id='word_1_141' title='bbox 578 4516 621 4589; x_wconf 91' lang='grc'>11,</span> <span class='ocrx_word' id='word_1_142' title='bbox 641 4509 778 4577; x_wconf 76' lang='lat' dir='ltr'>narina</span> <span class='ocrx_word' id='word_1_143' title='bbox 796 4508 901 4590; x_wconf 91' lang='lat' dir='ltr'>turha,</span> <span class='ocrx_word' id='word_1_144' title='bbox 921 4510 1019 4599; x_wconf 90' lang='lat' dir='ltr'>parati</span> 
     </span>
     <span class='ocr_line' id='line_1_27' title="bbox 223 4631 929 4724; baseline -0.006 -20"><span class='ocrx_word' id='word_1_145' title='bbox 223 4631 356 4704; x_wconf 89' lang='lat' dir='ltr'>Insidias</span> <span class='ocrx_word' id='word_1_146' title='bbox 370 4633 502 4724; x_wconf 83' lang='lat' dir='ltr'>agitant,</span> <span class='ocrx_word' id='word_1_147' title='bbox 522 4653 558 4704; x_wconf 89' lang='lat' dir='ltr'>ac</span> <span class='ocrx_word' id='word_1_148' title='bbox 576 4642 613 4704; x_wconf 94' lang='lat' dir='ltr'>ut</span> <span class='ocrx_word' id='word_1_149' title='bbox 631 4635 735 4704; x_wconf 86' lang='lat' dir='ltr'>minor</span> <span class='ocrx_word' id='word_1_150' title='bbox 753 4633 804 4704; x_wconf 90' lang='lat' dir='ltr'>illa</span> <span class='ocrx_word' id='word_1_151' title='bbox 822 4633 929 4723; x_wconf 89' lang='lat' dir='ltr'>pericli</span> 
     </span>
    </p>
   </div>
   <div class='ocr_carea' id='block_1_9' title="bbox 223 4758 1121 4911">
    <p class='ocr_par' dir='ltr' id='par_1_11' title="bbox 223 4758 1121 4911">
     <span class='ocr_line' id='line_1_28' title="bbox 223 4758 1121 4850; baseline 0.002 -22"><span class='ocrx_word' id='word_1_152' title='bbox 223 4759 275 4828; x_wconf 92' lang='lat' dir='ltr'>Sit</span> <span class='ocrx_word' id='word_1_153' title='bbox 293 4758 424 4848; x_wconf 87' lang='lat' dir='ltr'>species,</span> <span class='ocrx_word' id='word_1_154' title='bbox 445 4779 562 4850; x_wconf 91' lang='lat' dir='ltr'>paucos</span> <span class='ocrx_word' id='word_1_155' title='bbox 580 4758 711 4828; x_wconf 86' lang='lat' dir='ltr'>tendunt</span> <span class='ocrx_word' id='word_1_156' title='bbox 731 4759 785 4849; x_wconf 86' lang='lat' dir='ltr'>qul</span> <span class='ocrx_word' id='word_1_157' title='bbox 803 4759 919 4849; x_wconf 89' lang='lat' dir='ltr'>praelia</span> <span class='ocrx_word' id='word_1_158' title='bbox 938 4767 1121 4830; x_wconf 87' lang='lat' dir='ltr'>monstrant.</span> 
     </span>
     <span class='ocr_line' id='line_1_29' title="bbox 299 4872 313 4911; baseline 0 0"><span class='ocrx_word' id='word_1_159' title='bbox 299 4872 313 4911; x_wconf 74' lang='lat'>³</span> 
     </span>
    </p>
   </div>
   <div class='ocr_carea' id='block_1_10' title="bbox 0 0 1748 5392">
    <p class='ocr_par' dir='ltr' id='par_1_12' title="bbox 0 0 1748 5392">
     <span class='ocr_line' id='line_1_30' title="bbox 0 0 1748 5392; baseline 0 0"><span class='ocrx_word' id='word_1_160' title='bbox 0 0 1748 5392; x_wconf 95' lang='lat' dir='ltr'> </span> 
     </span>
    </p>
   </div>
  </div>
 </body>
</html>
