3440 5392
869 455 1024 502 LUSlADXE

909 713 999 775 LXIX

457 975 527 1043 Nun
546 985 651 1068 tamen
671 984 773 1044 astuto
793 974 974 1045 ceciderunt
994 975 1081 1044 inrita
1100 977 1210 1046 Meum

457 1099 575 1168 Cuncta
594 1085 685 1190 sagax
704 1099 803 1169 oculis
821 1119 901 1189 quae
919 1099 997 1167 uidit
1015 1110 1046 1168 et
1065 1100 1195 1170 auribus
1214 1100 1333 1184 hausit;

456 1222 685 1314 Oceanumque
704 1225 811 1294 odium
826 1225 968 1314 concepit
985 1233 1125 1313 pectore,
1147 1245 1280 1315 pravum

455 1349 559 1418 Induit
578 1349 608 1417 in
627 1349 729 1417 Lusus
747 1351 885 1418 animum
902 1357 1104 1440 mentemque
1117 1348 1302 1439 malignam.

455 1473 520 1541 Sed
539 1473 629 1542 vinus
649 1481 752 1542 tamen
772 1473 822 1542 ilie
841 1473 931 1562 tegit,
951 1474 1082 1563 uisuque
1101 1482 1224 1542 serenat

455 1594 499 1665 Os
517 1595 619 1674 hilari,
640 1597 745 1666 vultus
763 1597 795 1666 in
813 1597 926 1686 gaudia
944 1596 1015 1665 ficta
1035 1605 1237 1687 retorquens

455 1721 614 1810 Signaque
635 1721 768 1791 laetitiae
788 1730 820 1790 ut
839 1722 974 1791 simulati
993 1723 1123 1811 piaebet
1142 1725 1271 1804 amoris,
1330 1801 1332 1808 ¹

455 1845 510 1923 Ut,
532 1866 611 1935 quae
631 1855 736 1916 mente
756 1847 861 1936 agitat,
883 1855 969 1914 tutus
990 1857 1084 1936 queat
1103 1851 1198 1916 edun¹
1219 1851 1342 1916 damna.

909 2207 987 2268 LXX

455 2467 552 2534 Gema
573 2469 670 2536 duces
689 2477 777 2557 iugat
797 2469 868 2538 inde
888 2468 956 2538 viae
975 2469 1033 2538 sibi
1054 2471 1158 2550 eleuet,
1180 2471 1264 2540 Euus

454 2591 514 2674 Qui
532 2601 660 2661 noscant
678 2602 801 2682 portus
822 2603 915 2682 atque
934 2594 1039 2663 ludica
1058 2595 1162 2662 littura
1181 2604 1372 2678 monstrent3

453 2716 517 2785 Nec
535 2719 633 2807 gratis
652 2717 716 2787 iure
736 2717 839 2786 firmat
858 2738 952 2807 npus;
974 2739 1009 2787 se
1029 2720 1122 2809 digna
1143 2719 1290 2789 daturum
1309 2702 1310 2705 ¹

452 2840 607 2924 Praemia3
628 2843 851 2932 promissisque
870 2845 992 2912 animus
1012 2844 1189 2932 ingentibus
1209 2845 1327 2934 impiet.

410 2965 411 2969 ’
451 2963 570 3034 Annuit
588 2966 637 3034 his
656 2967 817 3055 precibus
838 2966 910 3035 lictu
930 2967 985 3038 sed
1004 2977 1142 3056 pectere,
1164 2969 1303 3047 Maurus,
1403 2977 1408 2996 ¹

453 3089 511 3158 Cui
530 3090 636 3160 rabies
655 3099 739 3161 tanto
759 3091 941 3161 stimulabat
960 3095 1055 3162 cunda
1074 3094 1193 3173 inaure,

451 3213 496 3284 Ut
515 3215 541 3282 si
561 3223 628 3283 tum
646 3214 747 3305 Lysiis
766 3217 865 3285 iatum
884 3235 1057 3306 properare
1076 3217 1195 3288 liceret.

451 3337 512 3404 Pni
532 3336 668 3407 ducibus
687 3348 799 3428 syrtes,
820 3340 979 3428 scopulus,
1003 3349 1205 3430 stragemque
1225 3353 1361 3431 pararet.

903 3699 993 3761 LXXI

450 3958 528 4027 Tam
547 3979 642 4048 grave
661 3961 805 4050 concepit
824 3961 939 4031 furiato
959 3966 1055 4032 eunde
1076 3972 1207 4067 repente!

449 4082 546 4152 Vinus
565 4085 596 4153 in
615 4067 774 4166 externus,
795 4089 880 4176 quud
898 4087 1000 4178 legem
1020 4098 1052 4158 et
1071 4109 1161 4158 sacra
1180 4097 1355 4180 sequantur

450 4209 536 4289 tura,
559 4212 644 4280 dedit
663 4213 783 4281 munde
802 4211 904 4282 David
924 4235 1005 4304 quae
1023 4215 1133 4296 Filius,
1155 4216 1250 4284 astris

450 4333 666 4414 Descendens,
687 4357 749 4426 quu
768 4347 853 4406 certa
872 4340 962 4408 daret
981 4341 1167 4408 documenta
1187 4340 1312 4409 salutis!

449 4457 579 4527 Aeterni
597 4481 616 4528 u
636 4471 758 4530 secreta
776 4461 844 4543 Dei,
866 4483 885 4532 u
904 4483 1051 4554 suprema
1070 4463 1219 4553 Tonantis

449 4581 593 4665 Consilia,
614 4582 698 4654 haud
716 4585 771 4654 ulli
790 4587 1044 4688 mortaiivpenvia
1064 4589 1176 4657 menti!

448 4706 577 4776 Desinat
594 4717 629 4777 ut
647 4729 807 4800 nunquam
825 4711 971 4780 insectari
990 4713 1131 4800 perfidus
1150 4713 1251 4784 hostis
1296 4751 1305 4775 ι

448 4832 535 4913 Qum
556 4841 588 4901 tu
608 4836 811 4924 prosequeris
832 4844 916 4905 tantu
936 4837 1083 4924 punctivis
1103 4839 1223 4908 aniene!
