3384 5372
942 447 1096 495 tustanum

969 705 1058 768 cxlx

516 969 675 1040 attonitus
693 987 805 1060 magna
825 968 998 1038 conclamat
1015 989 1092 1039 mee
1107 967 1254 1040 Velosus:

515 1093 681 1179 Quodnam
699 1103 757 1173 est,
777 1115 797 1162 ο
815 1093 903 1174 socii,
924 1113 1032 1163 mmm
1051 1113 1153 1184 genus
1170 1093 1269 1163 liuece
1287 1093 1445 1164 terarum

514 1217 611 1308 Siqua
629 1216 823 1307 superstitio,
844 1217 960 1286 ueteris
978 1217 1108 1307 uestigia
1127 1215 1255 1298 fraudis,

513 1343 623 1413 Exstat
640 1342 751 1424 adhue,
773 1363 897 1413 sacrum
916 1342 975 1412 hoc
992 1352 1106 1433 reputo
1123 1362 1236 1411 nemus
1252 1361 1321 1412 esse
1339 1339 1478 1412 dearum.

515 1467 647 1558 Jamque
665 1467 766 1538 oculis
783 1466 884 1536 multu
903 1469 999 1557 qudm
1016 1486 1106 1536 mens
1124 1467 1266 1536 mortalis
1283 1467 1404 1537 anhelet

514 1591 673 1662 Nobiliore
692 1599 817 1682 patent:
839 1591 925 1660 licuit
944 1611 1027 1662 nunc
1046 1611 1176 1661 eernere
1195 1600 1328 1681 quantes

514 1715 672 1785 Fortunae
691 1722 833 1796 eventus,
853 1715 1068 1804 pulchramm,
1089 1724 1121 1784 et
1140 1715 1268 1805 grandia
1288 1734 1396 1784 rerum

514 1839 671 1910 Mentibus
690 1840 824 1932 indignis
841 1841 1018 1932 spectacula
1037 1840 1200 1912 subtrahat
1218 1841 1316 1911 erbis,

970 2199 1049 2262 LXX

513 2461 614 2542 Nune,
635 2481 701 2552 age,
722 2470 828 2532 mente
846 2460 921 2532 deas
938 2462 1069 2553 pariter,
1089 2481 1249 2552 cursuque
1267 2481 1446 2555 sequamur,

514 2585 636 2657 Verane
655 2587 694 2657 sit
713 2586 817 2668 lucica,
837 2587 999 2677 speciesne
1017 2595 1162 2658 occurrat
1180 2587 1292 2670 inanis,
1368 2603 1384 2669 J

512 2711 733 2802 Experiamur,
752 2713 805 2782 ait.
826 2712 937 2782 Cervis
954 2733 1029 2782 mox
1046 2713 1135 2782 ocius
1152 2731 1262 2782 omnes

512 2833 668 2918 Currunt;
689 2835 845 2906 damulas
863 2843 928 2906 tam
945 2836 1048 2906 dulcia
1066 2835 1202 2926 praemia
1220 2835 1344 2927 plantis.

514 2959 575 3029 Per
595 2980 733 3040 nemora,
753 2969 783 3030 et
805 2959 897 3030 silvas
918 2961 1052 3050 lugiunt,
1071 2979 1150 3050 vaga
1168 2961 1307 3044 numina,
1326 2960 1494 3051 Nymphae

513 3083 577 3154 Sed
594 3106 656 3155 non
674 3094 738 3155 tam
757 3086 887 3167 celeres,
908 3106 1004 3176 quam
1023 3085 1108 3154 valna
1127 3094 1232 3154 mente
1250 3084 1388 3166 dolosae,

511 3209 675 3291 Paulatim,
697 3212 779 3282 risus
798 3211 880 3282 inter
897 3231 1055 3302 vocesque
1073 3210 1224 3294 delenteS,

513 3335 554 3405 Se
574 3335 693 3406 levibus
712 3335 848 3418 tradunt,
870 3337 1045 3426 gratissima
1065 3335 1192 3426 praeda,
1212 3335 1366 3408 molossis.

964 3697 1053 3759 LXXl

511 3959 592 4029 Huic
612 3961 707 4050 agitat
725 3969 837 4030 ventus
856 3968 927 4051 post
946 3960 1045 4029 lactea
1064 3960 1142 4030 eolla
1161 3961 1298 4052 capillum

511 4085 593 4156 llum
613 4086 703 4177 legit,
724 4106 759 4156 ac
778 4087 881 4156 tenuis
899 4086 994 4156 vestis
1011 4085 1113 4156 Notus
1133 4085 1243 4157 allevat
1261 4105 1347 4156 uras:

510 4209 619 4281 Dulcis
637 4231 726 4280 amor
745 4211 857 4281 subitis
874 4210 1015 4280 incendit
1032 4220 1161 4301 pectora
1178 4211 1323 4292 flammis,

410 4389 413 4394 ,
510 4336 616 4418 Quum
635 4345 767 4425 patuere
784 4335 883 4405 oculis
901 4335 1057 4405 nudarum
1075 4325 1221 4405 membra
1239 4335 1381 4406 dearum.

509 4461 593 4530 llaec
609 4460 674 4552 jam
694 4470 803 4551 sponte
822 4461 916 4544 eadit,
936 4461 1035 4551 posita
1050 4459 1116 4551 jam
1135 4461 1272 4531 lleetitur
1290 4461 1348 4543 inl,

443 4613 449 4625 ·
507 4583 657 4667 Molliter,
676 4594 708 4655 et
726 4585 814 4655 vultu
834 4584 955 4666 timide,
975 4594 1131 4675 gestuque
1150 4605 1273 4664 serene,

508 4709 617 4780 Delabi
637 4729 744 4779 secum
762 4709 890 4779 firmum
907 4709 1061 4800 permittit
1080 4717 1248 4791 amantem,
1343 4723 1349 4730 ·

507 4835 610 4917 Quem
630 4833 710 4921 lugit
728 4832 849 4902 dudum
868 4833 954 4904 littus
973 4853 1166 4924 campusque
1184 4853 1355 4924 peragrans
1426 4926 1427 4929 Ἴ
