3384 5372
921 441 1077 500 elstanni:

992 697 1026 758 lll

502 959 657 1054 Crystallq
675 959 865 1050 perpulchra
882 969 993 1030 ornata
1010 958 1121 1028 sedilia
1138 958 1229 1030 binos

500 1082 677 1174 Excepere:
697 1103 790 1174 pares
807 1103 1005 1174 sponsusque
1023 1092 1055 1152 et
1073 1101 1186 1172 sponsa
1205 1081 1365 1152 residunt:

500 1205 543 1276 At
561 1226 709 1297 suprema
727 1206 791 1277 duu
810 1207 924 1296 insigni
943 1206 1095 1296 fulgentia
1115 1206 1207 1286 lastu,

501 1330 579 1400 Diva
597 1340 682 1401 tenet
700 1330 827 1422 Tethys,
847 1330 950 1400 elarus
968 1314 1066 1412 tenet,
1087 1351 1194 1412 aurea,
1215 1331 1326 1401 Gama.

501 1454 679 1524 Ambrosiis
696 1455 794 1545 igitur
811 1453 957 1545 dapibus,
977 1454 1127 1544 dulcique
1146 1453 1278 1524 refertas

500 1579 646 1662 Nectare,
667 1581 757 1672 queis
774 1579 857 1649 cedit
875 1589 939 1650 tam
957 1580 1041 1651 clara
1059 1581 1204 1671 aegyptia
1222 1579 1315 1661 lama,

501 1703 652 1776 Lusiades
670 1716 803 1777 cernunt
820 1725 955 1785 mensas,
976 1713 1008 1775 et
1027 1705 1143 1776 fercula
1162 1715 1304 1786 sumunt,

502 1829 536 1898 ln
554 1833 683 1920 pateris
701 1830 783 1900 divis
801 1849 880 1920 quas
898 1850 973 1920 gaza
991 1830 1137 1900 atlantica
1155 1838 1271 1899 serrat.

977 2189 1015 2252 tv

501 2451 566 2520 Nee
584 2451 697 2520 desunt
714 2451 832 2520 mensis
850 2449 1022 2540 fragrantia
1040 2471 1180 2540 munera,
1192 2453 1277 2534 vitis

501 2575 588 2659 Quae
605 2576 705 2644 multu
723 2575 852 2644 vineunt
870 2595 933 2644 nun
952 2575 1057 2645 sulum
1075 2586 1178 2646 musta
1196 2576 1326 2657 taleme,
1394 2660 1395 2663 Ἴ

500 2699 558 2769 Ast
576 2700 671 2768 etiam
690 2699 865 2768 ambrosius
882 2699 1012 2768 haustus
1032 2710 1064 2769 et
1082 2700 1205 2790 poeula,
1225 2701 1302 2769 tanti
1435 2765 1441 2774 .

500 2824 588 2908 Quae
607 2822 681 2892 lauit
698 2823 764 2912 ipse
783 2833 872 2912 pater
892 2827 1056 2912 superum,
1078 2829 1293 2914 superumque
1312 2843 1438 2894 corona:

499 2944 652 3028 Crateris,
670 2948 786 3017 frustra
806 2967 884 3037 quas
902 2947 976 3016 lima
995 2934 1144 3017 arrodere
1162 2955 1273 3028 tentet,

498 3073 581 3142 Vina
599 3081 723 3158 tument
740 3071 1102 3163 spumiserispantihus
1123 3072 1243 3163 ingruit
1261 3073 1348 3143 unde

499 3195 612 3268 Cerdis
629 3199 668 3268 ad
686 3215 816 3268 arcanus
828 3171 940 3268 ¹motus
958 3199 1084 3289 inopina
1101 3197 1258 3287 voluptas,

499 3320 539 3390 Et
556 3322 655 3391 mixto
672 3322 786 3392 saliunt
804 3321 926 3412 gelidae
944 3322 1113 3393 luctamine
1132 3321 1289 3412 lymphae.

983 3683 1009 3745 V

500 3945 672 4015 Sermones
690 3946 799 4014 ineunt
816 3945 933 4026 varius,
954 3945 1128 4036 festivaque
1144 3945 1262 4035 jactant

499 4071 676 4140 Suommata
694 4069 791 4138 mixta
805 4069 897 4159 jonis,
916 4070 1047 4158 risuque
1065 4069 1208 4158 inspersa
1225 4077 1391 4140 resumunt

499 4195 590 4266 Dicta
604 4205 727 4287 arguta,
747 4196 847 4287 dapes
864 4198 959 4277 inter,
976 4195 1100 4265 condita
1117 4195 1240 4286 lepore;

497 4320 539 4390 Et
556 4321 629 4390 rina
647 4320 805 4390 oblectant
823 4321 955 4402 animus
976 4329 1158 4410 acuuntque
1176 4318 1326 4409 palatum.

497 4443 689 4515 Harmoniae
707 4444 825 4514 chorus
842 4445 944 4514 omnis
963 4445 1060 4523 adest,
1080 4443 1261 4534 fidibusque
1279 4443 1400 4514 canoris

499 4569 548 4638 Fit
567 4588 676 4637 sunus:
696 4567 842 4661 (inlernis
861 4568 962 4659 qualis
980 4567 1163 4657 regionibus
1181 4567 1258 4638 olim

497 4692 661 4782 Paulisper
679 4700 784 4762 sontes
801 4693 873 4762 lecit
891 4693 1092 4783 requiescere
1110 4691 1235 4784 poenis)

496 4815 585 4886 ¹'lune
603 4836 714 4884 uocem
733 4817 825 4886 Siren
843 4827 955 4907 arguto
974 4825 1104 4907 gutture
1122 4817 1249 4907 promit.
