3394 5372
934 441 1087 487 Ll'SlADAE

841 790 844 799 Ι
954 695 1070 758 xxxix

517 960 576 1030 Vix
595 960 672 1029 dum
690 959 844 1038 linieram,
864 961 985 1048 speeies
1003 978 1102 1048 quum
1121 978 1154 1028 se
1172 978 1245 1028 aere
1263 958 1370 1050 pandit

517 1084 662 1164 Horrida,
683 1084 813 1153 robusto
832 1101 911 1173 quae
930 1101 1073 1174 corpore,
1095 1081 1183 1151 sortis
1201 1092 1232 1151 et
1251 1082 1322 1162 alta,

515 1207 730 1279 Membrorum
750 1208 935 1276 immensam
953 1205 1124 1276 extendens
1142 1226 1200 1296 per
1217 1206 1321 1277 nubila
1340 1207 1472 1277 molem:

516 1333 560 1404 Os
578 1333 621 1403 illi
642 1333 803 1413 subtriste,
823 1331 921 1412 ferox,
942 1341 973 1402 et
991 1331 1132 1422 squalida
1150 1331 1257 1414 barba,

516 1457 671 1528 Cedentes
689 1459 863 1527 introrsum
881 1457 984 1527 oculi:
1005 1465 1103 1526 status
1122 1457 1188 1546 ipse
1206 1457 1388 1526 tremendus
1465 1517 1469 1522 .

516 1581 676 1673 Corporis
697 1591 728 1652 et
748 1581 872 1662 loedos3
893 1581 979 1652 eolor
996 1582 1054 1650 atri
1074 1581 1192 1651 funeris
1211 1582 1317 1662 instar,

516 1705 663 1776 Concreti
683 1711 767 1776 terra
785 1706 900 1786 crines,
921 1705 1072 1796 foedeque
1091 1706 1212 1786 retorti,

517 1831 561 1902 Os
580 1833 717 1922 nigmm
738 1831 847 1901 dentes
865 1831 946 1900 ssavo
965 1833 1112 1923 turpique
1131 1831 1246 1902 colore.

987 2192 1037 2253 xl

515 2454 691 2525 Monstmm
708 2463 773 2524 tam
791 2461 877 2523 rasta
895 2453 1114 2524 membromm
1132 2452 1215 2524 mole
1234 2451 1408 2522 secundum

515 2577 693 2650 Adfirmare
711 2597 792 2668 queo
810 2577 889 2647 bene
907 2576 969 2648 dici
988 2596 1079 2669 posse
1098 2576 1263 2656 oolossum

515 2703 617 2788 Quem
636 2701 749 2774 Rhodii
768 2723 914 2794 posuere,
935 2722 1015 2792 opus
1032 2701 1218 2772 admirabile
1235 2703 1339 2780 terris,

515 2829 617 2912 Quem
635 2837 762 2919 septena
780 2829 862 2897 inter
878 2827 1029 2896 miracula
1048 2827 1171 2896 sensuit
1189 2826 1285 2896 orbis.

514 2951 589 3021 lude
608 2952 735 3022 trahens
753 2973 890 3022 crassam
908 2951 1079 3022 metuendo
1097 2970 1115 3020 e
1132 2959 1262 3041 pectore
1281 2971 1401 3032 vooem,

515 3074 583 3146 Ceu
601 3075 679 3146 loret
698 3097 737 3146 ex
756 3076 827 3146 imis
844 3075 946 3166 pelagi
965 3075 1082 3166 prolata
1101 3075 1254 3156 cavernis,

515 3200 709 3291 Alloquitur:
730 3209 811 3270 stant
830 3201 924 3270 eorda
942 3207 1041 3281 metu,
1061 3208 1144 3269 stant
1162 3201 1281 3270 vertice
1298 3200 1416 3281 oriues;

515 3324 633 3395 Omnes
651 3325 772 3395 attoniti
791 3327 974 3415 vtrltumque
994 3335 1024 3394 et
1043 3323 1140 3394 verba
1159 3326 1317 3394 timemus.

978 3666 1039 3746 xnl

516 3945 638 4036 Ogens
656 3965 731 4036 prae
750 3944 891 4036 reliquis,
913 3947 964 4026 ait,
985 3947 1201 4027 audacissima,
1223 3947 1340 4017 mundo

515 4071 602 4154 Quae
621 4089 698 4138 nova
718 4077 885 4150 tentarunt,
907 4090 1050 4162 quaeque
1068 4091 1177 4161 aspera
1196 4072 1257 4141 lata
1276 4072 1429 4152 tulemnt,

515 4193 563 4264 Tu
581 4214 661 4287 quae
680 4194 760 4264 bella
778 4196 870 4276 inter,
890 4175 1037 4286 saevique
1054 4196 1193 4286 pericula
1210 4197 1331 4278 Martis,

515 4319 690 4389 Poenamm
709 4338 809 4408 genus
826 4339 919 4389 omne
937 4319 1035 4400 subis,
1056 4340 1114 4390 nee
1133 4321 1253 4390 deseris
1270 4343 1355 4402 ausa,

515 4442 651 4513 Naturae
670 4445 818 4534 quoniam
836 4444 951 4513 vetitos
968 4444 1188 4514 transcendere
1206 4444 1285 4516 fines

514 4566 635 4658 Pergis,
657 4568 780 4638 ethaeo
798 4569 897 4637 nostri
915 4568 1009 4656 longa
1027 4589 1162 4660 aequora
1178 4571 1260 4661 juris
1277 4591 1377 4652 arare,

515 4692 602 4775 Quae
621 4692 699 4761 mihi
718 4693 821 4762 clausa
839 4692 892 4761 [liu
912 4691 1086 4775 servabam,
1106 4705 1137 4765 et
1155 4715 1234 4786 pura
1253 4695 1407 4776 tenebam,

514 4816 663 4890 Enternis
680 4837 852 4906 nunquam,
872 4817 1047 4907 propriisve
1066 4827 1169 4888 secata
1187 4819 1314 4888 earinis:
