3384 5370
910 485 1067 534 musinuli:

949 741 1026 806 XLV

490 1006 642 1078 Matutine
658 1005 720 1096 poli
739 1005 796 1075 lux
814 1004 945 1074 candida
963 1023 1035 1075 rore
1053 1023 1166 1075 sereno

490 1130 639 1200 Intulerat
657 1130 772 1211 radios,
791 1137 822 1199 et
840 1129 942 1199 sidera
959 1129 1042 1200 lenta
1061 1127 1203 1219 rogabam
1234 1219 1236 1226 Ι
1360 1101 1367 1116 ’

490 1254 518 1324 Ε
536 1274 630 1324 eruce
649 1253 792 1324 sublimis
810 1273 909 1345 quum
927 1253 1047 1344 virgine
1064 1261 1156 1323 natus
1171 1251 1260 1324 lesus

490 1378 611 1449 Obtulit
628 1377 789 1468 tlpoonso
807 1397 885 1460 sese,
906 1378 1040 1468 visoque
1057 1378 1200 1468 rigorem

489 1502 635 1586 Addidit;
656 1503 708 1573 ille
726 1511 829 1573 tamen
847 1501 980 1592 genibus
997 1503 1158 1582 connixus,
1179 1521 1287 1574 umore

490 1628 621 1708 Ductus,
642 1628 797 1698 adorantis
814 1629 929 1718 speeie,
949 1625 1087 1718 fideique
1104 1625 1207 1698 colore

491 1752 655 1833 deividos,
678 1753 716 1822 ad
734 1753 872 1834 llauros,
890 1754 944 1833 ait,
964 1751 1041 1822 baec
1059 1751 1210 1822 miracula
1226 1759 1329 1832 verte,

491 1875 541 1946 dd
558 1877 700 1958 Mauros;
721 1876 798 1946 mibi
816 1885 884 1947 tuta
902 1875 990 1958 fideS,
1010 1885 1042 1966 te
1059 1897 1176 1948 numen
1194 1875 1302 1948 adoro.

939 2234 1030 2299 XLVl

491 2499 558 2567 llao
575 2499 678 2588 speeie
696 2497 812 2567 firmati
831 2498 937 2578 animi,
958 2497 1104 2588 viresque
1122 2497 1256 2568 relectae

490 2621 672 2703 Lusiodum,
691 2620 888 2713 Alpbonsum
905 2630 1046 2693 statuunt
1063 2622 1122 2692 sibi
1140 2641 1265 2692 sumere
1283 2639 1401 2711 regem,

490 2749 703 2818 Praestantem
719 2746 820 2816 lorma
836 2746 996 2838 juvenem,
1015 2745 1163 2838 belloque
1180 2754 1350 2837 potentem,

491 2873 595 2956 Quem
612 2873 748 2964 populus
765 2875 857 2954 miro,
877 2874 1052 2963 meritoque
1071 2871 1200 2942 ardebat
1217 2892 1333 2942 amore.

490 2999 578 3090 Ergo
596 3001 677 3069 aries
696 3019 813 3080 eoram,
833 2999 1081 3089 Maurorumque
1100 2997 1222 3088 agmina
1241 3007 1360 3078 contra,

491 3123 631 3194 Vocibus
650 3123 825 3206 inclamant,
845 3133 877 3194 et
894 3123 996 3194 sidero
1013 3143 1091 3194 rooe
1108 3122 1277 3194 lacessunt:
1383 3123 1386 3130 '

492 3249 671 3340 Alpboosus
688 3249 772 3318 vivat
789 3251 899 3340 Lysiae
915 3249 996 3330 Rex,
1016 3250 1115 3332 vivat;
1135 3249 1167 3318 in
1187 3247 1284 3318 altum

494 3373 655 3454 Tollimus,
674 3373 809 3443 instituit
826 3393 922 3464 quem
940 3373 1126 3463 Portugallia
1144 3374 1274 3464 Regem.

934 3731 1036 3796 XLVH

494 3995 541 4065 Ao
559 3995 656 4064 veluti
674 4014 803 4066 nemore
820 3994 852 4063 in
871 3995 966 4065 denso
984 3995 1174 4065 elamoribus
1192 4001 1279 4065 actus
1331 4079 1338 4092 ι

494 4119 528 4188 ln
545 4120 706 4210 praedam,
725 4119 915 4210 fremituque
931 4118 1037 4188 virum
1055 4121 1136 4209 rapit
1154 4139 1227 4188 arua
1244 4117 1399 4190 molossus

494 4244 650 4324 Passdius,
671 4242 862 4324 infrendens,
881 4253 1072 4334 taurumque
1090 4242 1205 4314 invadit
1222 4245 1321 4314 aoutis

496 4365 652 4436 Comibus
670 4377 837 4449 armatum,
855 4375 887 4437 et
904 4367 1054 4438 fidentem
1071 4367 1200 4438 fulmine
1217 4367 1337 4449 frontis,

495 4491 587 4562 Nune
603 4491 685 4561 latus
702 4491 896 4582 aggreditur,
914 4491 1040 4582 prendit
1057 4510 1140 4563 nuno
1157 4492 1304 4564 dentibus
1321 4513 1424 4577 eures,

496 4615 574 4686 llrte
592 4617 711 4706 ingens,
730 4617 846 4687 uirtute
863 4619 977 4698 minor,
997 4625 1159 4710 terretque
1176 4619 1290 4690 latratu

496 4740 650 4831 Impiger3
670 4741 701 4809 in
720 4749 830 4830 guttur
848 4741 947 4812 donec
964 4763 998 4813 se
1016 4743 1174 4814 morsibus
1192 4743 1294 4823 insert,

496 4865 537 4935 Et
554 4865 668 4955 premit
689 4863 819 4937 eludens
836 4866 933 4948 vires
950 4869 1123 4959 sternitque
1140 4876 1313 4960 potentem.
