3384 5370
908 465 1062 513 kosleness

941 722 1026 784 xcm

490 983 566 1066 NoS,
587 985 686 1054 oeulis
704 993 806 1055 terreo
824 983 937 1065 affixis,
957 1005 997 1056 ne
1015 985 1115 1055 tristia
1133 994 1237 1074 posset

492 1108 556 1178 Ora
575 1129 648 1179 suae
667 1109 833 1200 quisquam
850 1109 961 1180 matris
979 1127 1150 1199 sponsaeve
1169 1109 1262 1190 tueri,

490 1232 555 1302 Neo
573 1231 658 1323 qood
677 1253 770 1304 eausa
788 1233 868 1302 foret
886 1233 1002 1314 loetus;
1023 1253 1086 1322 quo
1104 1231 1195 1302 firma
1213 1241 1375 1303 manerent

490 1356 633 1438 Pectora,
652 1375 710 1426 neo
728 1365 838 1427 tenero
856 1364 1001 1426 nutarent
1019 1355 1113 1426 eorde
1131 1356 1250 1437 dolore,

491 1478 661 1557 Cossinius,
682 1489 713 1550 et
731 1481 805 1551 siooi
823 1501 919 1550 noves
937 1481 1192 1552 conscendimus:
1213 1480 1263 1550 illa

492 1603 617 1686 Oscula,
639 1613 670 1672 et
690 1603 863 1694 amplexoS,
882 1611 971 1686 tuno,
990 1603 1089 1674 duleis
1105 1604 1221 1695 pignor
1238 1605 1364 1681 amoris,

491 1728 558 1797 Etsi
575 1728 668 1817 juste,
689 1737 793 1798 tamen
811 1729 962 1798 vitamus:
983 1730 1105 1799 saevior
1119 1728 1191 1798 inde
1297 1779 1304 1784 -

492 1853 592 1924 Causa
611 1852 726 1922 doloris
744 1853 833 1923 adest
850 1853 988 1933 abeunti,
1009 1863 1159 1943 atroxque
1178 1854 1327 1924 manenti.

944 2211 1037 2308 xciv,

495 2473 536 2544 At
554 2474 660 2566 gravis
677 2483 807 2566 aspectu
825 2477 938 2556 senior,
961 2475 1147 2546 venerabilis
1166 2475 1265 2554 annis,

495 2599 554 2682 Qui
573 2599 685 2670 turbae
703 2601 866 2670 immixtus
884 2599 1065 2670 remanebat
1083 2600 1188 2670 littore
1205 2599 1303 2690 vulgi,

495 2724 679 2814 Respiciens
697 2745 803 2805 novoe,
822 2724 931 2795 obtuto
949 2723 1064 2794 affixus
1082 2725 1113 2794 in
1131 2745 1205 2807 uno,

494 2848 619 2938 Terque
637 2858 731 2938 eaput
749 2869 912 2940 quessonS,
932 2845 1034 2920 tectos
1052 2869 1110 2920 eeu
1128 2850 1222 2919 eorde
1239 2823 1358 2929 dolore,
1408 2823 1412 2831 ¹

491 2971 647 3043 'Paulatim
667 2972 810 3043 attollens
828 2973 965 3063 graviori
983 2973 1125 3062 pondere
1142 2993 1264 3054 vocem,

495 3097 596 3180 Quam
613 3118 670 3168 nos
688 3098 854 3188 perspioue
872 3097 985 3168 mediis
1003 3097 1179 3168 audivimus
1198 3097 1302 3178 undis,

494 3219 539 3291 Ut
557 3240 665 3290 rerum
683 3223 860 3311 experienS,
881 3231 912 3294 et
930 3221 1037 3290 multis
1055 3221 1165 3290 doetus
1183 3219 1222 3289 eh
1242 3219 1341 3300 annio,

495 3344 560 3413 Hos
577 3345 704 3414 demum
723 3366 818 3415 voces
837 3355 928 3415 cauto
947 3345 1131 3434 depectere
1150 3344 1247 3414 fodit:

949 3705 1026 3767 XCV

495 3965 523 4035 0
541 3969 657 4057 sceptri
676 3987 787 4037 vesane
806 3966 919 4038 semesi
941 3966 968 4037 0
986 3966 1055 4036 dira
1074 3966 1181 4048 libido,

495 4091 599 4164 Vanae
617 4113 636 4163 o
655 4093 756 4164 laudis
775 4113 873 4173 amor,
895 4113 975 4184 quae
993 4091 1090 4183 gloria
1109 4093 1239 4163 dieitur!
1260 4092 1287 4161 0
1306 4091 1391 4162 ireos

493 4217 610 4287 Blanda
627 4218 807 4307 voluptate,
826 4217 935 4307 populi
953 4237 1047 4308 quam
1066 4218 1195 4288 suscitet
1214 4237 1290 4287 auro

496 4340 630 4420 Mobilis,
651 4343 768 4431 egregii
788 4340 931 4411 tribuunt
949 4341 1000 4411 oui
1018 4361 1132 4411 nomen
1150 4341 1293 4412 honoris!

495 4465 580 4549 Quas
598 4474 633 4536 tu
651 4475 716 4536 tam
733 4467 818 4537 diras
836 4466 927 4538 avido
946 4467 985 4537 de
1003 4474 1130 4557 pectore
1148 4487 1265 4558 poenas

494 4589 635 4680 Expetis,
655 4599 753 4681 utque
771 4591 817 4660 tui
835 4592 974 4681 graviter
991 4592 1172 4681 plectuntur
1190 4591 1343 4662 amantes!

494 4714 578 4797 Quot
597 4721 630 4782 tu
649 4713 710 4783 iilis
727 4723 881 4784 tormenta
899 4735 1001 4806 paras,
1022 4724 1098 4806 quot
1116 4716 1236 4797 sunere,
1257 4715 1359 4786 clade

496 4837 636 4946 Saevasi
652 4837 748 4924 inque
767 4837 835 4907 ilios
853 4847 969 4927 quanto
987 4839 1138 4908 booohare
1157 4839 1275 4909 surore!
