3440 5392
579 437 668 486 UBER
688 437 848 486 snct'dnas

669 694 759 758 val

222 955 451 1036 1111111111,
472 954 624 1046 funesque
643 955 782 1036 trahunt,
803 964 897 1046 atque
915 956 1048 1026 anchora
1069 957 1164 1028 lundc

220 1080 365 1166 Vellitur,
385 1080 499 1152 occulti
517 1081 619 1152 nectis
637 1081 800 1162 velamine,
821 1081 923 1152 Mauri

221 1205 370 1276 Scindere
389 1205 470 1274 clam
488 1212 629 1276 statuunt
647 1205 756 1274 stricte
775 1205 946 1277 retinacula
966 1205 1059 1287 lerrn,

221 1329 384 1420 Praecipiti
402 1339 438 1398 ut
456 1337 587 1400 ruerent
604 1330 769 1420 scopulosa
788 1331 820 1399 in
838 1331 943 1400 littora
961 1350 1074 1400 cursu:

220 1455 351 1546 Lynceis
368 1463 473 1527 tamen
492 1455 544 1524 illa
561 1455 662 1526 oculis
680 1453 862 1526 discrimina
880 1455 985 1526 Lusus

219 1580 393 1660 praevidet,
413 1579 579 1670 invigilans
596 1599 637 1650 ne
655 1581 728 1670 quis
747 1599 780 1649 se
800 1579 975 1650 intruderet
993 1588 1095 1650 astus:

219 1703 310 1776 lllurn
328 1703 384 1772 ubi
403 1711 570 1774 senserunt
587 1703 689 1774 Mauri
709 1703 851 1794 vigilare,
872 1712 1001 1794 repente

217 1827 393 1918 Ellugiunt,
412 1829 510 1900 remis
527 1827 647 1899 celeres
667 1827 762 1898 timer
781 1827 899 1898 addidit
917 1828 991 1898 alas.

665 2185 764 2248 txvu

187 2459 192 2468 '
218 2447 391 2518 Humentes
410 2446 487 2516 vasti
502 2445 568 2536 jam
586 2465 680 2536 prora
699 2445 824 2516 secabat
844 2455 935 2516 acute

220 2570 302 2641 Aere
320 2571 388 2640 rias
407 2571 520 2661 pelagi,
541 2570 704 2641 confestim
725 2592 742 2641 a
759 2591 865 2660 puppe
885 2569 1038 2640 secundos

216 2696 313 2766 Lenis
330 2715 425 2786 agens
444 2715 556 2764 cursus
574 2693 627 2764 dat
645 2695 749 2764 mollia
767 2694 892 2766 llamina
911 2703 1034 2774 ventus,

149 2881 164 2912 ‚
218 2819 287 2902 Qun
304 2840 362 2910 per
381 2827 488 2908 stagna
506 2827 603 2890 munt
621 2817 760 2907 placidae
778 2818 927 2907 neptunia
945 2838 1052 2890 naves,

217 2943 354 3013 Plurima
372 2964 453 3034 quae
470 2943 554 3033 pami
573 2943 755 3013 discrimina
774 2962 849 3012 rece
868 2949 1034 3012 recensent

218 3069 303 3139 llaec
320 3069 463 3140 recolunt
469 3091 477 3150 ;
499 3069 617 3138 etenim
634 3067 838 3140 memoranda
857 3088 875 3138 e
893 3077 1020 3158 pectere
1036 3085 1194 3157 nunquam

217 3193 364 3262 Fatorum
384 3200 585 3262 monumenta
603 3191 729 3272 cadunt,
750 3193 840 3282 queis
858 3193 1001 3281 proxima
1019 3192 1113 3263 morti

216 3315 288 3386 llita
306 3315 375 3398 luit,
397 3318 449 3384 111
468 3315 541 3388 inde
559 3337 617 3388 sue
636 3325 760 3386 servata
778 3316 909 3406 pericle.

655 3672 767 3736 nxvlll

216 3934 269 4005 Sol
288 3935 425 4025 spatium
444 3934 538 4004 rutile
557 3933 731 4006 coniecerat
750 3935 822 4023 igne
840 3933 1000 4013 diurnum,

215 4059 402 4128 lncumbens
420 4058 481 4141 1111,
502 4057 607 4128 medic
625 4077 699 4126 cum
716 4057 842 4147 gurgite
861 4075 957 4126 nares

214 4159 263 4252 lre
281 4183 360 4252 duas
377 4182 468 4272 longe
487 4182 649 4271 aspiciunt,
671 4202 747 4270 cpias
764 4188 877 4249 ventus
894 4179 1006 4269 agebat
1101 4217 1104 4225 ι

212 4307 349 4389 lllnllior,
369 4315 400 4378 et
418 4307 505 4377 tenui
524 4307 679 4397 crispabat
697 4305 823 4377 carbasa
841 4305 927 4374 ssatu.

213 4433 280 4502 Nec
297 4432 431 4502 dubium
450 4431 575 4522 gemina
592 4451 737 4502 mauram
755 4429 968 4500 transmittere
979 4433 1114 4519 'gentem

212 4556 298 4626 Nare
316 4555 447 4638 iretum3
468 4546 605 4628 suberunt
625 4556 733 4645 igitur,
752 4554 894 4644 velisque
912 4562 1088 4644 sequuntur

214 4662 339 4750 nuens
355 4699 469 4762 unam
489 4701 552 4750 una
569 4680 642 4770 ruga
661 4679 720 4749 siu
739 4677 884 4759 consulit,
904 4697 1012 4748 omnes

213 4804 258 4875 Ut
275 4806 377 4874 socios
395 4813 507 4886 seruet,
528 4825 563 4876 se
580 4811 693 4895 sponte
712 4801 812 4872 allidit
831 4802 861 4870 in
875 4807 990 4872 actam.
