<?xml version="1.0" encoding="UTF-8"?>
<!DOCTYPE html PUBLIC "-//W3C//DTD XHTML 1.0 Transitional//EN"
    "http://www.w3.org/TR/xhtml1/DTD/xhtml1-transitional.dtd">
<html xmlns="http://www.w3.org/1999/xhtml" xml:lang="en" lang="en">
 <head>
  <title>
</title>
<meta http-equiv="Content-Type" content="text/html;charset=utf-8" />
  <meta name='ocr-system' content='tesseract 3.04.00' />
  <meta name='ocr-capabilities' content='ocr_page ocr_carea ocr_par ocr_line ocrx_word'/>
</head>
<body>
  <div class='ocr_page' id='page_1' title='image "./alusiadadeluizd00deslgoog_0365.png"; bbox 0 0 3384 5372; ppageno 0'>
   <div class='ocr_carea' id='block_1_1' title="bbox 929 453 1080 502">
    <p class='ocr_par' dir='ltr' id='par_1_1' title="bbox 929 453 1080 502">
     <span class='ocr_line' id='line_1_1' title="bbox 929 453 1080 502; baseline -0.013 0"><span class='ocrx_word' id='word_1_1' title='bbox 929 453 1080 502; x_wconf 72' lang='lat' dir='ltr'><strong>testante:</strong></span> 
     </span>
    </p>
   </div>
   <div class='ocr_carea' id='block_1_2' title="bbox 972 711 1036 773">
    <p class='ocr_par' dir='ltr' id='par_1_2' title="bbox 972 711 1036 773">
     <span class='ocr_line' id='line_1_2' title="bbox 972 711 1036 773; baseline -0.016 0"><span class='ocrx_word' id='word_1_2' title='bbox 972 711 1036 773; x_wconf 82' lang='lat' dir='ltr'><strong>xxt</strong></span> 
     </span>
    </p>
   </div>
   <div class='ocr_carea' id='block_1_3' title="bbox 507 972 1397 1938">
    <p class='ocr_par' dir='ltr' id='par_1_3' title="bbox 508 972 1379 1315">
     <span class='ocr_line' id='line_1_3' title="bbox 508 972 1379 1066; baseline -0.002 -21"><span class='ocrx_word' id='word_1_3' title='bbox 508 976 593 1046; x_wconf 91' lang='lat' dir='ltr'><strong>Haeo</strong></span> <span class='ocrx_word' id='word_1_4' title='bbox 610 985 778 1066; x_wconf 86' lang='lat' dir='ltr'><strong>postquam</strong></span> <span class='ocrx_word' id='word_1_5' title='bbox 794 973 928 1046; x_wconf 90' lang='lat' dir='ltr'><strong>memori</strong></span> <span class='ocrx_word' id='word_1_6' title='bbox 947 973 1105 1064; x_wconf 79' lang='lat' dir='ltr'>paulisper</span> <span class='ocrx_word' id='word_1_7' title='bbox 1123 981 1229 1044; x_wconf 88' lang='lat' dir='ltr'><strong>mente</strong></span> <span class='ocrx_word' id='word_1_8' title='bbox 1248 972 1379 1052; x_wconf 82' lang='lat' dir='ltr'><strong>volutat,</strong></span> 
     </span>
     <span class='ocr_line' id='line_1_4' title="bbox 508 1100 1284 1192; baseline -0.005 -20"><span class='ocrx_word' id='word_1_9' title='bbox 508 1103 624 1192; x_wconf 84' lang='lat' dir='ltr'><strong>Surgat</strong></span> <span class='ocrx_word' id='word_1_10' title='bbox 640 1109 677 1172; x_wconf 91' lang='lat' dir='ltr'><strong>ut</strong></span> <span class='ocrx_word' id='word_1_11' title='bbox 695 1101 728 1170; x_wconf 92' lang='lat' dir='ltr'><strong>in</strong></span> <span class='ocrx_word' id='word_1_12' title='bbox 745 1100 850 1172; x_wconf 92' lang='lat' dir='ltr'><strong>medio</strong></span> <span class='ocrx_word' id='word_1_13' title='bbox 867 1100 976 1172; x_wconf 82' lang='lat' dir='ltr'><strong>statuit</strong></span> <span class='ocrx_word' id='word_1_14' title='bbox 994 1101 1171 1190; x_wconf 79' lang='lat' dir='ltr'><strong>gratissima</strong></span> <span class='ocrx_word' id='word_1_15' title='bbox 1188 1108 1284 1190; x_wconf 93' lang='lat' dir='ltr'><strong>ponto</strong></span> 
     </span>
     <span class='ocr_line' id='line_1_5' title="bbox 508 1223 1182 1315; baseline -0.001 -20"><span class='ocrx_word' id='word_1_16' title='bbox 508 1226 621 1307; x_wconf 83' lang='lat' dir='ltr'>Insula,</span> <span class='ocrx_word' id='word_1_17' title='bbox 642 1225 748 1296; x_wconf 77' lang='lat' dir='ltr'><strong>divino</strong></span> <span class='ocrx_word' id='word_1_18' title='bbox 764 1223 839 1295; x_wconf 79' lang='lat' dir='ltr'><strong>felix</strong></span> <span class='ocrx_word' id='word_1_19' title='bbox 853 1224 919 1315; x_wconf 87' lang='lat' dir='ltr'><strong>jam</strong></span> <span class='ocrx_word' id='word_1_20' title='bbox 934 1243 1079 1305; x_wconf 87' lang='lat' dir='ltr'><strong>munere,</strong></span> <span class='ocrx_word' id='word_1_21' title='bbox 1098 1223 1182 1315; x_wconf 87' lang='lat' dir='ltr'><strong>pieta</strong></span> 
     </span>
    </p>

    <p class='ocr_par' dir='ltr' id='par_1_4' title="bbox 507 1347 1397 1938">
     <span class='ocr_line' id='line_1_6' title="bbox 507 1347 1397 1448; baseline -0.003 -28"><span class='ocrx_word' id='word_1_22' title='bbox 507 1349 664 1431; x_wconf 82' lang='lat' dir='ltr'><strong>Floribus,</strong></span> <span class='ocrx_word' id='word_1_23' title='bbox 685 1369 721 1419; x_wconf 91' lang='lat' dir='ltr'><strong>ao</strong></span> <span class='ocrx_word' id='word_1_24' title='bbox 739 1349 854 1439; x_wconf 87' lang='lat' dir='ltr'><strong>plantis</strong></span> <span class='ocrx_word' id='word_1_25' title='bbox 870 1349 978 1431; x_wconf 82' lang='lat' dir='ltr'><strong>variis,</strong></span> <span class='ocrx_word' id='word_1_26' title='bbox 998 1348 1169 1440; x_wconf 89' lang='lat' dir='ltr'><strong>nitidisque</strong></span> <span class='ocrx_word' id='word_1_27' title='bbox 1187 1347 1313 1420; x_wconf 83' lang='lat' dir='ltr'><strong>deeora.</strong></span> <span class='ocrx_word' id='word_1_28' title='bbox 1392 1435 1397 1448; x_wconf 32' lang='lat'><strong>·</strong></span> 
     </span>
     <span class='ocr_line' id='line_1_7' title="bbox 508 1471 1336 1564; baseline -0.005 -20"><span class='ocrx_word' id='word_1_29' title='bbox 508 1474 647 1544; x_wconf 88' lang='lat' dir='ltr'><strong>Plurima</strong></span> <span class='ocrx_word' id='word_1_30' title='bbox 666 1493 801 1564; x_wconf 91' lang='lat' dir='ltr'><strong>namque</strong></span> <span class='ocrx_word' id='word_1_31' title='bbox 819 1472 864 1542; x_wconf 87' lang='lat' dir='ltr'><strong>iili</strong></span> <span class='ocrx_word' id='word_1_32' title='bbox 883 1471 1022 1562; x_wconf 73' lang='lat' dir='ltr'><strong>subiecta</strong></span> <span class='ocrx_word' id='word_1_33' title='bbox 1040 1481 1088 1543; x_wconf 88' lang='lat' dir='ltr'><strong>est</strong></span> <span class='ocrx_word' id='word_1_34' title='bbox 1106 1472 1217 1552; x_wconf 87' lang='lat' dir='ltr'><strong>insula,</strong></span> <span class='ocrx_word' id='word_1_35' title='bbox 1238 1491 1336 1562; x_wconf 81' lang='lat' dir='ltr'><strong>regno</strong></span> 
     </span>
     <span class='ocr_line' id='line_1_8' title="bbox 507 1595 1323 1688; baseline -0.005 -20"><span class='ocrx_word' id='word_1_36' title='bbox 507 1597 600 1682; x_wconf 91' lang='lat' dir='ltr'><strong>Quod</strong></span> <span class='ocrx_word' id='word_1_37' title='bbox 617 1597 730 1667; x_wconf 90' lang='lat' dir='ltr'><strong>matris</strong></span> <span class='ocrx_word' id='word_1_38' title='bbox 748 1598 906 1688; x_wconf 81' lang='lat' dir='ltr'><strong>gremium</strong></span> <span class='ocrx_word' id='word_1_39' title='bbox 924 1605 1087 1667; x_wconf 87' lang='lat' dir='ltr'><strong>terrenum</strong></span> <span class='ocrx_word' id='word_1_40' title='bbox 1105 1595 1204 1666; x_wconf 87' lang='lat' dir='ltr'><strong>limito</strong></span> <span class='ocrx_word' id='word_1_41' title='bbox 1223 1595 1323 1686; x_wconf 80' lang='lat' dir='ltr'><strong>tangit</strong></span> 
     </span>
     <span class='ocr_line' id='line_1_9' title="bbox 507 1719 1369 1814; baseline -0.002 -22"><span class='ocrx_word' id='word_1_42' title='bbox 507 1722 699 1802; x_wconf 88' lang='lat' dir='ltr'><strong>Primaevae‚</strong></span> <span class='ocrx_word' id='word_1_43' title='bbox 718 1732 909 1814; x_wconf 80' lang='lat' dir='ltr'><strong>praeterque</strong></span> <span class='ocrx_word' id='word_1_44' title='bbox 927 1721 1017 1802; x_wconf 89' lang='lat' dir='ltr'><strong>aliae,</strong></span> <span class='ocrx_word' id='word_1_45' title='bbox 1037 1739 1115 1812; x_wconf 84' lang='lat' dir='ltr'><strong>quas</strong></span> <span class='ocrx_word' id='word_1_46' title='bbox 1133 1719 1272 1811; x_wconf 86' lang='lat' dir='ltr'><strong>possidet</strong></span> <span class='ocrx_word' id='word_1_47' title='bbox 1290 1720 1369 1790; x_wconf 88' lang='lat' dir='ltr'><strong>intra</strong></span> 
     </span>
     <span class='ocr_line' id='line_1_10' title="bbox 508 1847 1260 1938; baseline -0.003 -21"><span class='ocrx_word' id='word_1_48' title='bbox 508 1848 680 1920; x_wconf 81' lang='lat' dir='ltr'><strong>Herculeas</strong></span> <span class='ocrx_word' id='word_1_49' title='bbox 697 1847 794 1938; x_wconf 85' lang='lat' dir='ltr'><strong>duplo</strong></span> <span class='ocrx_word' id='word_1_50' title='bbox 812 1849 950 1936; x_wconf 77' lang='lat' dir='ltr'><strong>signatas</strong></span> <span class='ocrx_word' id='word_1_51' title='bbox 967 1865 1127 1917; x_wconf 90' lang='lat' dir='ltr'><strong>marmore</strong></span> <span class='ocrx_word' id='word_1_52' title='bbox 1144 1854 1260 1936; x_wconf 83' lang='lat' dir='ltr'><strong>portas.</strong></span> 
     </span>
    </p>
   </div>
   <div class='ocr_carea' id='block_1_4' title="bbox 966 2205 1042 2266">
    <p class='ocr_par' dir='ltr' id='par_1_5' title="bbox 966 2205 1042 2266">
     <span class='ocr_line' id='line_1_11' title="bbox 966 2205 1042 2266; baseline 0 0"><span class='ocrx_word' id='word_1_53' title='bbox 966 2205 1042 2266; x_wconf 83' lang='lat' dir='ltr'><strong>XXII</strong></span> 
     </span>
    </p>
   </div>
   <div class='ocr_carea' id='block_1_5' title="bbox 508 2467 1438 3428">
    <p class='ocr_par' dir='ltr' id='par_1_6' title="bbox 508 2467 1438 2682">
     <span class='ocr_line' id='line_1_12' title="bbox 509 2467 1438 2558; baseline 0 -21"><span class='ocrx_word' id='word_1_54' title='bbox 509 2467 604 2557; x_wconf 81' lang='lat' dir='ltr'><strong>Optat</strong></span> <span class='ocrx_word' id='word_1_55' title='bbox 621 2476 657 2536; x_wconf 90' lang='lat' dir='ltr'><strong>ut</strong></span> <span class='ocrx_word' id='word_1_56' title='bbox 676 2486 860 2558; x_wconf 86' lang='lat' dir='ltr'><strong>aequoreae,</strong></span> <span class='ocrx_word' id='word_1_57' title='bbox 881 2467 1094 2558; x_wconf 87' lang='lat' dir='ltr'><strong>pulehemima</strong></span> <span class='ocrx_word' id='word_1_58' title='bbox 1112 2468 1253 2548; x_wconf 91' lang='lat' dir='ltr'><strong>numina,</strong></span> <span class='ocrx_word' id='word_1_59' title='bbox 1273 2467 1438 2558; x_wconf 81' lang='lat' dir='ltr'><strong>nymphae,</strong></span> 
     </span>
     <span class='ocr_line' id='line_1_13' title="bbox 508 2590 1233 2682; baseline 0 -20"><span class='ocrx_word' id='word_1_60' title='bbox 508 2590 664 2662; x_wconf 82' lang='lat' dir='ltr'><strong>Conmrdi</strong></span> <span class='ocrx_word' id='word_1_61' title='bbox 682 2591 776 2663; x_wconf 83' lang='lat' dir='ltr'><strong>tortos</strong></span> <span class='ocrx_word' id='word_1_62' title='bbox 795 2599 959 2682; x_wconf 81' lang='lat' dir='ltr'><strong>expectent</strong></span> <span class='ocrx_word' id='word_1_63' title='bbox 968 2594 1100 2682; x_wconf 76' lang='lat' dir='ltr'><strong>agroino</strong></span> <span class='ocrx_word' id='word_1_64' title='bbox 1117 2592 1233 2675; x_wconf 81' lang='lat' dir='ltr'><strong>Lusos3</strong></span> 
     </span>
    </p>

    <p class='ocr_par' dir='ltr' id='par_1_7' title="bbox 508 2714 1294 2807">
     <span class='ocr_line' id='line_1_14' title="bbox 508 2714 1294 2807; baseline 0.001 -22"><span class='ocrx_word' id='word_1_65' title='bbox 508 2714 582 2786; x_wconf 86' lang='lat' dir='ltr'><strong>lllao</strong></span> <span class='ocrx_word' id='word_1_66' title='bbox 600 2736 720 2796; x_wconf 83' lang='lat' dir='ltr'><strong>omnes,</strong></span> <span class='ocrx_word' id='word_1_67' title='bbox 740 2723 831 2786; x_wconf 88' lang='lat' dir='ltr'><strong>omat</strong></span> <span class='ocrx_word' id='word_1_68' title='bbox 848 2716 947 2788; x_wconf 88' lang='lat' dir='ltr'><strong>titulis</strong></span> <span class='ocrx_word' id='word_1_69' title='bbox 966 2735 1044 2807; x_wconf 84' lang='lat' dir='ltr'><strong>ques</strong></span> <span class='ocrx_word' id='word_1_70' title='bbox 1061 2716 1143 2786; x_wconf 83' lang='lat' dir='ltr'><strong>fama</strong></span> <span class='ocrx_word' id='word_1_71' title='bbox 1160 2715 1294 2796; x_wconf 86' lang='lat' dir='ltr'><strong>deeoris,</strong></span> 
     </span>
    </p>

    <p class='ocr_par' dir='ltr' id='par_1_8' title="bbox 508 2837 1431 3180">
     <span class='ocr_line' id='line_1_15' title="bbox 509 2837 1431 2930; baseline -0.002 -20"><span class='ocrx_word' id='word_1_72' title='bbox 509 2839 630 2910; x_wconf 88' lang='lat' dir='ltr'><strong>Gaudia</strong></span> <span class='ocrx_word' id='word_1_73' title='bbox 648 2859 791 2930; x_wconf 88' lang='lat' dir='ltr'><strong>quaeque</strong></span> <span class='ocrx_word' id='word_1_74' title='bbox 808 2840 908 2912; x_wconf 86' lang='lat' dir='ltr'><strong>oeulis</strong></span> <span class='ocrx_word' id='word_1_75' title='bbox 924 2837 1088 2930; x_wconf 85' lang='lat' dir='ltr'><strong>praebent,</strong></span> <span class='ocrx_word' id='word_1_76' title='bbox 1107 2837 1258 2930; x_wconf 89' lang='lat' dir='ltr'><strong>oordiqne</strong></span> <span class='ocrx_word' id='word_1_77' title='bbox 1276 2838 1431 2920; x_wconf 80' lang='lat' dir='ltr'><strong>dolorem3</strong></span> 
     </span>
     <span class='ocr_line' id='line_1_16' title="bbox 508 2962 1401 3068; baseline -0.004 -34"><span class='ocrx_word' id='word_1_78' title='bbox 508 2965 747 3054; x_wconf 86' lang='lat' dir='ltr'><strong>Instaurentque</strong></span> <span class='ocrx_word' id='word_1_79' title='bbox 766 2963 889 3068; x_wconf 68' lang='lat' dir='ltr'><strong>ohopos,</strong></span> <span class='ocrx_word' id='word_1_80' title='bbox 908 2962 1110 3034; x_wconf 88' lang='lat' dir='ltr'><strong>modulentur</strong></span> <span class='ocrx_word' id='word_1_81' title='bbox 1130 2963 1270 3034; x_wconf 83' lang='lat' dir='ltr'><strong>oamrina</strong></span> <span class='ocrx_word' id='word_1_82' title='bbox 1288 2962 1401 3034; x_wconf 89' lang='lat' dir='ltr'><strong>laetae:</strong></span> 
     </span>
     <span class='ocr_line' id='line_1_17' title="bbox 508 3087 1231 3180; baseline -0.001 -22"><span class='ocrx_word' id='word_1_83' title='bbox 508 3089 660 3180; x_wconf 87' lang='lat' dir='ltr'><strong>Nymphis</strong></span> <span class='ocrx_word' id='word_1_84' title='bbox 677 3088 815 3158; x_wconf 86' lang='lat' dir='ltr'><strong>occultos</strong></span> <span class='ocrx_word' id='word_1_85' title='bbox 833 3087 900 3178; x_wconf 88' lang='lat' dir='ltr'><strong>ipsa</strong></span> <span class='ocrx_word' id='word_1_86' title='bbox 918 3087 1082 3178; x_wconf 89' lang='lat' dir='ltr'><strong>inspirabit</strong></span> <span class='ocrx_word' id='word_1_87' title='bbox 1100 3107 1231 3170; x_wconf 80' lang='lat' dir='ltr'><strong>amores,</strong></span> 
     </span>
    </p>

    <p class='ocr_par' dir='ltr' id='par_1_9' title="bbox 509 3212 1259 3304">
     <span class='ocr_line' id='line_1_18' title="bbox 509 3212 1259 3304; baseline -0.003 -20"><span class='ocrx_word' id='word_1_88' title='bbox 509 3215 554 3285; x_wconf 93' lang='lat' dir='ltr'><strong>Ut</strong></span> <span class='ocrx_word' id='word_1_89' title='bbox 572 3213 709 3304; x_wconf 86' lang='lat' dir='ltr'><strong>cupiant,</strong></span> <span class='ocrx_word' id='word_1_90' title='bbox 728 3213 821 3284; x_wconf 86' lang='lat' dir='ltr'><strong>animi</strong></span> <span class='ocrx_word' id='word_1_91' title='bbox 841 3213 968 3284; x_wconf 88' lang='lat' dir='ltr'><strong>stimulo</strong></span> <span class='ocrx_word' id='word_1_92' title='bbox 985 3212 1115 3303; x_wconf 86' lang='lat' dir='ltr'><strong>majore,</strong></span> <span class='ocrx_word' id='word_1_93' title='bbox 1135 3213 1259 3304; x_wconf 86' lang='lat' dir='ltr'><strong>plaeere</strong></span> 
     </span>
    </p>

    <p class='ocr_par' dir='ltr' id='par_1_10' title="bbox 510 3337 1307 3428">
     <span class='ocr_line' id='line_1_19' title="bbox 510 3337 1307 3428; baseline 0 -22"><span class='ocrx_word' id='word_1_94' title='bbox 510 3337 567 3407; x_wconf 86' lang='lat' dir='ltr'><strong>His</strong></span> <span class='ocrx_word' id='word_1_95' title='bbox 585 3357 721 3428; x_wconf 92' lang='lat' dir='ltr'><strong>quorum</strong></span> <span class='ocrx_word' id='word_1_96' title='bbox 740 3337 861 3406; x_wconf 87' lang='lat' dir='ltr'><strong>ardenti</strong></span> <span class='ocrx_word' id='word_1_97' title='bbox 880 3346 1173 3428; x_wconf 84' lang='lat' dir='ltr'><strong>oaptaeteneantor</strong></span> <span class='ocrx_word' id='word_1_98' title='bbox 1191 3357 1307 3407; x_wconf 87' lang='lat' dir='ltr'><strong>amore.</strong></span> 
     </span>
    </p>
   </div>
   <div class='ocr_carea' id='block_1_6' title="bbox 951 3696 1039 3760">
    <p class='ocr_par' dir='ltr' id='par_1_11' title="bbox 951 3696 1039 3760">
     <span class='ocr_line' id='line_1_20' title="bbox 951 3696 1039 3760; baseline 0 -2"><span class='ocrx_word' id='word_1_99' title='bbox 951 3696 1039 3760; x_wconf 83' lang='grc' dir='ltr'><strong>ΧΧΙΙΙ</strong></span> 
     </span>
    </p>
   </div>
   <div class='ocr_carea' id='block_1_7' title="bbox 508 3957 1456 4672">
    <p class='ocr_par' dir='ltr' id='par_1_12' title="bbox 510 3957 1282 4039">
     <span class='ocr_line' id='line_1_21' title="bbox 510 3957 1282 4039; baseline 0.001 -12"><span class='ocrx_word' id='word_1_100' title='bbox 510 3957 588 4028; x_wconf 81' lang='lat' dir='ltr'><strong>hrte</strong></span> <span class='ocrx_word' id='word_1_101' title='bbox 605 3959 681 4028; x_wconf 93' lang='lat' dir='ltr'><strong>olim</strong></span> <span class='ocrx_word' id='word_1_102' title='bbox 699 3958 752 4028; x_wconf 89' lang='lat' dir='ltr'><strong>tali</strong></span> <span class='ocrx_word' id='word_1_103' title='bbox 768 3971 826 4028; x_wconf 78' lang='lat' dir='ltr'><strong>&#39;usa</strong></span> <span class='ocrx_word' id='word_1_104' title='bbox 841 3958 947 4028; x_wconf 87' lang='lat' dir='ltr'><strong>Venus</strong></span> <span class='ocrx_word' id='word_1_105' title='bbox 966 3979 1051 4039; x_wconf 89' lang='lat' dir='ltr'><strong>oum,</strong></span> <span class='ocrx_word' id='word_1_106' title='bbox 1071 3958 1189 4038; x_wconf 86' lang='lat' dir='ltr'><strong>sedula,</strong></span> <span class='ocrx_word' id='word_1_107' title='bbox 1209 3967 1282 4030; x_wconf 90' lang='lat' dir='ltr'><strong>nato</strong></span> 
     </span>
    </p>

    <p class='ocr_par' dir='ltr' id='par_1_13' title="bbox 509 4081 1456 4298">
     <span class='ocr_line' id='line_1_22' title="bbox 509 4081 1456 4174; baseline 0.001 -23"><span class='ocrx_word' id='word_1_108' title='bbox 509 4083 614 4166; x_wconf 87' lang='lat' dir='ltr'><strong>Quem</strong></span> <span class='ocrx_word' id='word_1_109' title='bbox 631 4082 702 4151; x_wconf 88' lang='lat' dir='ltr'><strong>tulit</strong></span> <span class='ocrx_word' id='word_1_110' title='bbox 715 4081 881 4164; x_wconf 77' lang='lat' dir='ltr'><strong>Anchisae,</strong></span> <span class='ocrx_word' id='word_1_111' title='bbox 900 4082 1082 4173; x_wconf 89' lang='lat' dir='ltr'><strong>hospitium,</strong></span> <span class='ocrx_word' id='word_1_112' title='bbox 1101 4082 1309 4174; x_wconf 88' lang='lat' dir='ltr'><strong>requiemque</strong></span> <span class='ocrx_word' id='word_1_113' title='bbox 1326 4085 1456 4173; x_wconf 88' lang='lat' dir='ltr'><strong>paravit,</strong></span> 
     </span>
     <span class='ocr_line' id='line_1_23' title="bbox 509 4205 1299 4298; baseline -0.001 -21"><span class='ocrx_word' id='word_1_114' title='bbox 509 4205 629 4296; x_wconf 87' lang='lat' dir='ltr'><strong>Campo</strong></span> <span class='ocrx_word' id='word_1_115' title='bbox 648 4225 742 4295; x_wconf 87' lang='lat' dir='ltr'><strong>quem</strong></span> <span class='ocrx_word' id='word_1_116' title='bbox 760 4206 863 4297; x_wconf 87' lang='lat' dir='ltr'><strong>potuit</strong></span> <span class='ocrx_word' id='word_1_117' title='bbox 880 4205 963 4277; x_wconf 89' lang='lat' dir='ltr'><strong>tauri</strong></span> <span class='ocrx_word' id='word_1_118' title='bbox 982 4205 1180 4276; x_wconf 88' lang='lat' dir='ltr'><strong>oiroumdare</strong></span> <span class='ocrx_word' id='word_1_119' title='bbox 1198 4215 1299 4298; x_wconf 78' lang='lat' dir='ltr'><strong>tergo,</strong></span> 
     </span>
    </p>

    <p class='ocr_par' dir='ltr' id='par_1_14' title="bbox 508 4329 1377 4548">
     <span class='ocr_line' id='line_1_24' title="bbox 508 4329 1377 4422; baseline 0 -20"><span class='ocrx_word' id='word_1_120' title='bbox 508 4331 557 4402; x_wconf 86' lang='lat' dir='ltr'><strong>Ex</strong></span> <span class='ocrx_word' id='word_1_121' title='bbox 572 4339 674 4422; x_wconf 86' lang='lat' dir='ltr'><strong>paeto,</strong></span> <span class='ocrx_word' id='word_1_122' title='bbox 694 4329 785 4411; x_wconf 74' lang='lat' dir='ltr'><strong>bido,</strong></span> <span class='ocrx_word' id='word_1_123' title='bbox 805 4337 837 4400; x_wconf 88' lang='lat' dir='ltr'><strong>et</strong></span> <span class='ocrx_word' id='word_1_124' title='bbox 855 4349 917 4419; x_wconf 93' lang='lat' dir='ltr'><strong>quo</strong></span> <span class='ocrx_word' id='word_1_125' title='bbox 935 4349 1082 4420; x_wconf 80' lang='lat' dir='ltr'><strong>magnam</strong></span> <span class='ocrx_word' id='word_1_126' title='bbox 1100 4329 1238 4402; x_wconf 87' lang='lat' dir='ltr'><strong>oondidit</strong></span> <span class='ocrx_word' id='word_1_127' title='bbox 1254 4331 1377 4404; x_wconf 88' lang='lat' dir='ltr'><strong>urbem.</strong></span> 
     </span>
     <span class='ocr_line' id='line_1_25' title="bbox 508 4455 1361 4548; baseline 0 -21"><span class='ocrx_word' id='word_1_128' title='bbox 508 4457 648 4527; x_wconf 88' lang='lat' dir='ltr'><strong>Rursum</strong></span> <span class='ocrx_word' id='word_1_129' title='bbox 665 4455 762 4547; x_wconf 81' lang='lat' dir='ltr'><strong>igitur</strong></span> <span class='ocrx_word' id='word_1_130' title='bbox 779 4463 883 4535; x_wconf 87' lang='lat' dir='ltr'><strong>natus,</strong></span> <span class='ocrx_word' id='word_1_131' title='bbox 904 4455 958 4546; x_wconf 88' lang='lat' dir='ltr'><strong>qui</strong></span> <span class='ocrx_word' id='word_1_132' title='bbox 976 4475 1090 4546; x_wconf 81' lang='lat' dir='ltr'><strong>magna</strong></span> <span class='ocrx_word' id='word_1_133' title='bbox 1108 4456 1246 4548; x_wconf 83' lang='lat' dir='ltr'><strong>potentia</strong></span> <span class='ocrx_word' id='word_1_134' title='bbox 1264 4457 1361 4540; x_wconf 80' lang='lat' dir='ltr'><strong>soluo,</strong></span> 
     </span>
    </p>

    <p class='ocr_par' dir='ltr' id='par_1_15' title="bbox 509 4579 1392 4672">
     <span class='ocr_line' id='line_1_26' title="bbox 509 4579 1392 4672; baseline 0.002 -22"><span class='ocrx_word' id='word_1_135' title='bbox 509 4583 571 4667; x_wconf 90' lang='lat' dir='ltr'><strong>Qui</strong></span> <span class='ocrx_word' id='word_1_136' title='bbox 587 4583 698 4651; x_wconf 88' lang='lat' dir='ltr'><strong>matris</strong></span> <span class='ocrx_word' id='word_1_137' title='bbox 715 4581 763 4650; x_wconf 82' lang='lat' dir='ltr'><strong>vis</strong></span> <span class='ocrx_word' id='word_1_138' title='bbox 781 4589 845 4651; x_wconf 91' lang='lat' dir='ltr'><strong>tota</strong></span> <span class='ocrx_word' id='word_1_139' title='bbox 862 4599 949 4662; x_wconf 88' lang='lat' dir='ltr'><strong>suae,</strong></span> <span class='ocrx_word' id='word_1_140' title='bbox 969 4579 1054 4650; x_wconf 79' lang='lat' dir='ltr'><strong>ierus</strong></span> <span class='ocrx_word' id='word_1_141' title='bbox 1072 4581 1124 4652; x_wconf 87' lang='lat' dir='ltr'><strong>ille</strong></span> <span class='ocrx_word' id='word_1_142' title='bbox 1141 4579 1264 4672; x_wconf 88' lang='lat' dir='ltr'><strong>Cupido</strong></span> <span class='ocrx_word' id='word_1_143' title='bbox 1389 4655 1392 4668; x_wconf 68' lang='grc'>,</span> 
     </span>
    </p>
   </div>
   <div class='ocr_carea' id='block_1_8' title="bbox 508 4703 1312 4918">
    <p class='ocr_par' dir='ltr' id='par_1_16' title="bbox 508 4703 1312 4918">
     <span class='ocr_line' id='line_1_27' title="bbox 508 4703 1312 4798; baseline 0.001 -24"><span class='ocrx_word' id='word_1_144' title='bbox 508 4705 689 4790; x_wconf 84' lang='lat' dir='ltr'><strong>Quaeritur,</strong></span> <span class='ocrx_word' id='word_1_145' title='bbox 703 4711 739 4774; x_wconf 92' lang='lat' dir='ltr'><strong>ut</strong></span> <span class='ocrx_word' id='word_1_146' title='bbox 756 4705 860 4794; x_wconf 93' lang='lat' dir='ltr'><strong>primo</strong></span> <span class='ocrx_word' id='word_1_147' title='bbox 878 4703 1028 4794; x_wconf 88' lang='lat' dir='ltr'><strong>quoniam</strong></span> <span class='ocrx_word' id='word_1_148' title='bbox 1039 4703 1218 4776; x_wconf 76' lang='lat' dir='ltr'><strong>discrimine</strong></span> <span class='ocrx_word' id='word_1_149' title='bbox 1231 4706 1312 4798; x_wconf 82' lang='lat' dir='ltr'><strong>juvit</strong></span> 
     </span>
     <span class='ocr_line' id='line_1_28' title="bbox 509 4827 1259 4918; baseline -0.003 -18"><span class='ocrx_word' id='word_1_150' title='bbox 509 4828 647 4907; x_wconf 78' lang='lat' dir='ltr'><strong>Auxilio,</strong></span> <span class='ocrx_word' id='word_1_151' title='bbox 668 4847 816 4918; x_wconf 88' lang='lat' dir='ltr'><strong>praesens</strong></span> <span class='ocrx_word' id='word_1_152' title='bbox 834 4828 913 4898; x_wconf 84' lang='lat' dir='ltr'><strong>adsit</strong></span> <span class='ocrx_word' id='word_1_153' title='bbox 933 4827 1093 4918; x_wconf 74' lang='lat' dir='ltr'><strong>faveatque</strong></span> <span class='ocrx_word' id='word_1_154' title='bbox 1112 4830 1259 4900; x_wconf 86' lang='lat' dir='ltr'><strong>seeundo.</strong></span> 
     </span>
    </p>
   </div>
   <div class='ocr_carea' id='block_1_9' title="bbox 0 0 1696 5372">
    <p class='ocr_par' dir='ltr' id='par_1_17' title="bbox 0 0 1696 5372">
     <span class='ocr_line' id='line_1_29' title="bbox 0 0 1696 5372; baseline 0 0"><span class='ocrx_word' id='word_1_155' title='bbox 0 0 1696 5372; x_wconf 95' lang='lat' dir='ltr'><strong> </strong></span> 
     </span>
    </p>
   </div>
  </div>
 </body>
</html>
