3394 5372
924 434 1076 482 {distentat

984 690 1018 752 lll

506 953 660 1024 Paulatim
678 974 695 1022 a
712 961 820 1023 nostro
839 953 935 1022 eolles
953 962 1139 1042 montesque
1159 951 1309 1022 recedunt

506 1076 694 1168 Conspectu,
714 1075 871 1167 nitidique
889 1075 965 1166 Tagi
981 1076 1046 1166 iam
1065 1076 1218 1166 linquitur
1237 1076 1336 1158 unda;

506 1203 575 1272 lam
592 1202 645 1270 vin
664 1209 815 1292 apparent
832 1208 980 1268 montana
999 1200 1159 1268 eacumina
1177 1195 1317 1278 'Cintrae

505 1328 639 1398 Lumina
659 1327 750 1418 queis
770 1325 841 1395 altis
860 1325 988 1414 longum
1007 1324 1109 1394 desrna
1128 1334 1281 1394 tenemus.

505 1453 649 1521 Moerens
667 1450 722 1520 sed
740 1450 851 1541 patriis
869 1471 959 1519 mens
977 1457 1081 1519 nostra
1099 1448 1245 1518 manebat
1264 1449 1294 1517 in
1313 1449 1389 1527 oris,

505 1577 593 1660 Quae
612 1583 740 1646 tottam
759 1575 860 1646 dulcis
879 1576 1045 1646 servabant
1063 1576 1194 1666 pignora
1214 1575 1338 1643 amoris.

506 1702 565 1770 llio
584 1710 752 1791 postquam
770 1701 863 1770 tellus
881 1701 1008 1791 penitus
1026 1699 1125 1770 divisa
1144 1699 1283 1777 recessit,

506 1823 685 1894 Occurrunt
703 1825 802 1895 oeulis
821 1826 945 1896 eoelum
963 1823 1114 1914 undique,
1135 1831 1166 1892 et
1185 1823 1322 1913 undique
1340 1830 1465 1912 pontus.

986 2183 1024 2244 ll'

505 2448 559 2516 Sio
577 2446 630 2526 illa
649 2446 762 2516 aeratis
781 2445 968 2516 sulcavimus
986 2466 1122 2536 aequora
1141 2446 1261 2524 rostris,

505 2571 592 2654 Quae
610 2589 771 2658 nunquam
789 2577 922 2660 potuere
940 2569 1018 2638 aliae
1037 2569 1159 2638 stricare
1177 2569 1315 2638 carinae:

504 2692 607 2763 lnsula
625 2713 688 2764 non
705 2715 768 2763 una
787 2701 926 2784 apparet,
947 2695 1121 2782 pelagoque
1139 2693 1285 2762 videntur

504 2816 613 2887 Plures
632 2837 708 2906 quas
726 2838 827 2908 nuper
845 2817 949 2888 clarus
968 2817 1127 2886 detexerat
1146 2817 1199 2886 ille

503 2941 668 3012 Henricus.
689 2942 810 3014 Montes
829 2943 923 3024 alios,
943 2943 1204 3022 mouendarum,

503 3065 545 3134 Et
564 3066 720 3155 quondam
738 3067 860 3136 Antaeo
878 3075 1008 3156 regnata
1026 3066 1212 3156 reliquimus
1231 3086 1304 3134 arra

503 3188 554 3258 Ad
572 3189 710 3260 laevam:
730 3191 839 3262 dextra
857 3192 944 3261 nulla
961 3199 1009 3261 est
1026 3191 1071 3260 ibi
1090 3193 1213 3281 cognita
1231 3191 1333 3270 tellus,

504 3313 565 3382 Sed
584 3321 704 3384 tantum
724 3335 741 3384 a
760 3315 868 3385 multis
887 3315 1024 3384 existere
1044 3315 1132 3394 torte,
1154 3324 1292 3405 putatur.

988 3655 1025 3739 v.

502 3934 616 4023 ingens
636 3934 793 4005 Mederiae
810 3937 1034 4006 transmittitur
1052 3937 1152 4006 insula
1170 3944 1275 4027 ponto,

501 4058 641 4130 Arborei
660 4060 741 4131 letus
760 4060 831 4132 lesit
850 4062 900 4131 oui
919 4063 1009 4154 copia
1025 4082 1156 4146 nomen3

502 4183 592 4266 Quae
610 4185 713 4275 prima
731 4206 749 4255 a
767 4187 859 4262 nobis
876 4187 1014 4257 habitata
1032 4196 1079 4256 est
1099 4187 1210 4269 insula,
1230 4186 1310 4256 lama

501 4305 566 4376 Sed
586 4308 691 4378 minus
710 4310 842 4379 illustris
861 4330 955 4400 quam
973 4311 1100 4380 nomine
1119 4319 1192 4380 nota
1209 4330 1268 4400 per
1285 4310 1412 4392 orbem;

500 4430 543 4499 Et
561 4449 740 4522 quanquam
760 4431 908 4502 oeeiduos
927 4441 1067 4503 extrema
1085 4433 1211 4503 inolinet
1228 4433 1268 4503 ad
1287 4455 1371 4514 anes

499 4553 679 4642 Exsuperat
699 4564 853 4646 quotquot
867 4554 973 4627 Venus
991 4577 1088 4628 aurea
1104 4558 1224 4648 diligit:
1245 4559 1309 4628 imo

501 4678 536 4747 Si
555 4681 676 4768 proprii
692 4681 772 4771 juris
791 4680 881 4764 loret,
901 4682 991 4763 hane,
1012 4683 1107 4754 oblita
1125 4685 1280 4774 priorum,

500 4800 676 4873 Praeferret
695 4803 808 4893 Cypro,
830 4805 1007 4897 Gnidoqne,
1027 4807 1207 4898 Paphoque,
1227 4807 1381 4898 Cytheris,
