3384 5372
586 471 675 520 LIBER
694 473 794 520 NONUS

633 731 753 795 XXXVI

194 992 267 1063 Albi
283 993 348 1084 jam
366 993 458 1064 divae
477 994 610 1076 celeres
630 994 821 1084 pernobile,
838 993 944 1066 'olores

193 1117 329 1189 Molliter
347 1117 380 1186 in
397 1117 490 1187 uiridi
508 1117 668 1206 ponebant
687 1119 829 1208 gramine
847 1139 992 1202 ourrum;

193 1240 345 1331 Quaeque
363 1261 451 1320 rosas
469 1242 562 1311 niveo
581 1241 715 1312 Iormosa
734 1250 866 1312 ostentat
885 1245 917 1312 in
936 1263 1002 1323 ore,

194 1365 318 1435 Deserit
335 1366 368 1434 in
387 1373 472 1435 terra
491 1385 622 1435 currum
640 1366 751 1435 Iastina
768 1367 878 1436 Dione.

193 1489 326 1578 Jamque
344 1509 425 1578 puer
443 1509 574 1579 superos
592 1489 687 1561 audet
706 1491 760 1581 qui
780 1499 921 1562 temnere
938 1492 1027 1563 divos

103 1617 106 1624 '
193 1614 266 1683 Exit
285 1614 317 1683 in
335 1633 513 1696 occursum,
534 1624 669 1687 matrem
687 1617 852 1707 laetusque
870 1618 997 1700 salutat;

193 1738 312 1829 Aligeri
332 1741 450 1821 cuncti,
469 1741 626 1831 cythereia
644 1742 748 1824 turba,
768 1743 918 1824 minores

193 1862 385 1946 decurrunt,
406 1865 551 1946 humiles,
572 1875 706 1936 matrem
725 1874 756 1936 et
773 1876 965 1937 venerantur
977 1866 1142 1938 Amorum.
1206 1887 1208 1891 ·

622 2223 754 2286 XXXVII

194 2485 343 2556 Protinus
361 2486 415 2555 illa
433 2505 537 2557 moras
555 2507 665 2557 omnes
684 2487 843 2579 abrumpit
863 2491 990 2573 inertes,

193 2611 273 2681 niba
292 2620 401 2682 tenens
419 2613 500 2682 inter
519 2612 670 2684 dilectum
689 2613 818 2684 brachia
836 2624 963 2684 nutum:

193 2733 298 2818 Certa,
318 2736 430 2827 inqut,
451 2746 522 2806 nate
541 2757 560 2808 o
578 2709 863 2821 matri'carissime,
883 2749 989 2810 nostra
1065 2773 1070 2784 ·

193 2859 262 2944 Quo
280 2862 329 2930 vis
347 2869 412 2930 tota
429 2880 505 2941 uno,
526 2881 588 2952 quo
607 2881 680 2952 spes
698 2862 855 2933 innittitur
873 2866 992 2946 omnis;

192 2982 282 3066 Nate,
303 3004 392 3054 meae
411 3004 538 3074 semper
556 2985 645 3076 ouius
663 2995 745 3055 stant
764 2987 892 3058 numine
908 2989 1003 3071 vires

193 3109 220 3178 Ο
239 3117 363 3205 turrate
382 3108 481 3189 Ieron,
503 3109 557 3198 qui
576 3109 636 3178 teia
655 3110 801 3202 Typhoea
819 3112 944 3194 temnis,

192 3233 304 3303 ItIoIior
322 3232 405 3302 haud
424 3251 536 3322 parva:
558 3243 592 3302 ut
611 3242 646 3303 tu
665 3243 770 3304 nostra
788 3235 932 3325 incoepta
952 3235 1116 3310 secundos.

192 3356 242 3426 Ad
260 3365 292 3428 te
310 3357 468 3448 eonIugIo,
489 3368 521 3427 et
539 3359 670 3448 supplex
689 3367 741 3428 tua
760 3360 888 3429 numina
907 3381 1013 3452 poseo.
1058 3449 1062 3462 ι

616 3715 760 3779 XXXVIII

192 3978 240 4048 Tu
258 3980 319 4049 sois
336 3977 507 4048 Lusiadum
527 3949 626 4061 oasam,
648 3981 718 4060 sois,
739 3988 821 4060 nate,
841 3979 967 4052 labores

192 4102 302 4173 Gentis
320 4105 371 4172 oui
388 4103 510 4173 dudum
528 4112 592 4174 tota
610 4125 682 4174 sum
700 4103 804 4174 dedita
822 4115 940 4187 mente,

191 4227 273 4298 Nam
290 4229 367 4298 mihi
386 4229 516 4300 dilectas
533 4231 662 4300 memini
676 4230 860 4320 praedicere
878 4231 990 4302 Pareas

190 4353 336 4425 Cultores
353 4356 454 4425 nostri
473 4354 540 4426 Iore
557 4356 697 4426 numinis
715 4355 863 4427 omnibus
881 4358 955 4427 oris.

191 4479 232 4548 Et
251 4478 324 4570 quia
342 4488 517 4570 praeterea,
538 4481 656 4551 virtute
674 4489 706 4550 et
724 4480 840 4551 robore
858 4480 946 4563 olari,

189 4602 297 4674 Invioti
316 4604 408 4675 bellis
425 4607 589 4676 imitantur
606 4607 685 4676 Iaota
704 4626 849 4676 meorum

190 4728 386 4812 Aeneadum,
405 4731 558 4821 populum
577 4733 670 4800 statui
688 4731 855 4802 defendere
873 4732 988 4814 lusum,

191 4853 381 4944 Auxilioque
399 4874 471 4924 meo
489 4853 585 4924 rebus
604 4859 813 4946 quiscumque
829 4855 952 4945 juvare,
