3440 5392
580 1361 969 1486 cuslluau

653 1897 753 1953 lauru
775 1897 899 1952 ceruus

735 2175 738 2182 n

282 2493 377 2564 Arma
398 2515 476 2564 canu
495 2493 701 2585 celebresque
717 2495 812 2572 virus,
830 2497 881 2584 qui
902 2515 918 2561 a
940 2493 1044 2562 littore
1065 2495 1150 2582 nunti

281 2617 423 2698 Occidui,
440 2619 523 2707 Lysii
543 2627 676 2707 surgunt
696 2617 749 2687 ubi
769 2620 895 2686 muenia
916 2618 1018 2706 regni,
1200 2657 1208 2688 ι

280 2733 340 2802 Per
358 2734 458 2802 maria
477 2743 547 2802 ante
566 2733 635 2802 aliis
653 2751 815 2822 nunquam
834 2740 952 2800 tentata
971 2733 1087 2800 carinis

281 2857 330 2928 lre
348 2859 396 2927 rel
416 2866 577 2928 extremos
595 2857 678 2928 ultra
698 2865 830 2947 potuere
850 2877 992 2926 recessus

280 2981 493 3072 Taprobanes,
513 2982 597 3052 bello
616 2983 750 3072 egregii,
770 2981 931 3070 torresque
950 2981 1076 3071 periclis

281 3108 451 3198 plusquam
468 3107 605 3176 bumana
624 3107 703 3176 ierat
721 3107 832 3187 virtus,
854 3126 948 3196 quarn
967 3108 1119 3196 spondeat
1139 3127 1244 3184 ausus,
1350 3115 1353 3122 '

279 3231 320 3301 Et
337 3253 419 3302 nura
439 3253 536 3322 regna
555 3233 638 3301 inter
657 3242 765 3321 gentes
784 3240 922 3302 statuere
942 3241 1088 3310 remotas,

280 3355 367 3439 Quae
386 3364 510 3426 tanturn
530 3356 620 3426 lactis
639 3355 787 3425 sublimia
807 3357 838 3424 in
858 3365 939 3425 astra
959 3356 1071 3425 tulere.

281 3976 343 4046 Nec
361 3977 467 4046 minus
486 3977 612 4046 illorum
632 3987 834 4049 ruunurnentu
854 3979 982 4048 illustria
1003 3999 1115 4067 regum

280 4100 340 4184 Qui
361 4101 448 4170 Fidei
468 4101 585 4182 radius,
608 4105 760 4192 regnique
779 4103 950 4172 extendere
970 4100 1060 4182 duee,

280 4223 320 4292 Et
337 4226 411 4293 tntis
430 4223 547 4314 Libyae
568 4235 663 4316 atque
681 4229 774 4297 Asiae
793 4226 976 4316 regionibus
995 4227 1089 4296 altam

280 4349 453 4419 Luxuriem
472 4351 577 4440 rigido
596 4360 728 4441 potuere
748 4352 913 4422 excindere
933 4349 1031 4421 lerrc:

279 4473 355 4544 lnde
375 4475 464 4556 alios,
485 4476 573 4545 lactis
591 4478 644 4567 qui
663 4477 745 4546 bello
764 4477 948 4567 insignibus
972 4478 1068 4546 armis

280 4597 458 4690 Conspicui,
478 4603 589 4671 mertis
609 4603 705 4691 gladii
725 4622 759 4671 se
777 4603 848 4693 lege
867 4602 1040 4682 resolvunt,

280 4721 468 4816 Dispergarn
488 4725 567 4794 lama
586 4735 692 4816 partes
709 4727 892 4796 modulatus
912 4729 941 4794 in
961 4745 1082 4801 amnes,

281 4847 313 4913 Si
333 4857 452 4917 tanturn
473 4851 586 4934 ingenii
607 4851 738 4930 valeam,
759 4851 785 4920 si
806 4850 926 4920 viribus
947 4851 1031 4918 artis.
