3394 5372
931 393 1085 440 lateranni:

989 650 1081 743 nr¹

514 909 564 980 alu
584 931 649 990 vos,
667 909 861 980 Christiadao
879 933 898 981 o
917 915 1041 982 miseri!
1063 913 1190 982 cadmea
1209 933 1349 1003 propago

514 1037 607 1116 Eslis,
629 1057 720 1128 quae,
741 1057 851 1128 eampo
870 1037 1021 1129 dispersis
1039 1037 1195 1119 dentibus,
1215 1038 1291 1107 olim

512 1161 644 1252 (Fabula
662 1165 765 1252 prisea
783 1161 893 1252 relert)
911 1164 942 1232 in
961 1163 1061 1232 saeris
1078 1163 1202 1232 horruit
1221 1165 1338 1232 armisl
1422 1145 1427 1158 ⁸

512 1287 649 1368 Fratres,
670 1297 762 1378 turpe
781 1287 883 1358 nelasl
904 1292 1039 1360 lratema
1057 1286 1151 1357 oaede
1170 1288 1309 1356 tumetis.

512 1411 622 1481 Nonne
640 1412 723 1482 leros
740 1411 844 1480 divina
862 1431 954 1480 canes
972 1420 1173 1481 monumenta
1192 1419 1301 1481 tenere

513 1535 660 1616 Comitis,
680 1536 845 1606 unanimes
863 1537 917 1627 qui
936 1555 1072 1625 semper,
1093 1543 1124 1604 et
1142 1536 1266 1626 agmine
1285 1534 1377 1606 laeto.

514 1661 577 1730 Vos
595 1662 703 1751 patriis
720 1670 839 1731 tentant
858 1660 1014 1751 expellere
1033 1661 1157 1740 linibus,
1178 1661 1274 1730 armis

514 1785 670 1866 01111111,
689 1787 825 1875 egregiis
842 1785 1001 1856 lucrantes
1019 1786 1144 1855 nomina
1164 1785 1272 1854 laetis?

993 2144 1019 2206 X
1081 2231 1085 2243 .

478 2385 484 2396 ’
514 2406 651 2476 Cernitis
670 2406 815 2496 antiquae
834 2406 961 2474 decrero
979 2416 1011 2474 et
1030 2407 1108 2494 legis
1126 2414 1244 2486 eluso,

468 2523 472 2530 ’
514 2531 611 2621 Cujus
629 2538 732 2599 tantus
750 2550 848 2610 amor,
870 2539 953 2598 tanta
972 2529 1168 2600 observantia
1187 2530 1284 2610 cordi,

514 2654 605 2726 Haud
621 2674 761 2743 uuquam
780 2653 900 2724 resides
917 2654 949 2722 in
968 2654 1085 2743 praelia
1102 2673 1216 2744 eogere
1234 2663 1342 2743 gentes

512 2781 626 2852 Contra
645 2780 809 2850 eredentes
827 2781 920 2860 auius
942 2777 1130 2869 Christoque
1148 2779 1269 2850 fideles:

512 2903 622 2974 Alecto
640 2924 812 2994 nunquam,
831 2904 941 2994 positis
959 2903 1126 2972 lloresoere
1144 2903 1235 2972 bellis
1332 2933 1335 2947 ·

514 3027 579 3098 Vos
598 3029 687 3097 sinit:
708 3027 740 3096 in
759 3036 864 3116 partes
882 3027 981 3096 varias
1000 3025 1160 3096 Discordia
1176 3027 1270 3115 jactat
1378 3033 1386 3050 ·

513 3151 577 3220 Vos
595 3171 729 3241 semper.
751 3151 890 3220 'lantone
909 3151 996 3220 eritis
1014 3150 1195 3220 discrimine
1214 3151 1283 3229 tuti,

513 3276 596 3345 Dum
615 3275 704 3346 vobis
721 3275 777 3358 illi,
797 3275 887 3350 robis
905 3297 960 3346 vos
978 3276 1053 3344 estis
1072 3284 1104 3344 et
1120 3276 1248 3345 hostes?

989 3635 1025 3694 lll

513 3900 547 3968 Si
567 3919 623 3969 vos
641 3919 752 3986 magna
771 3906 856 3967 tenet
874 3895 1015 3987 potiundi
1035 3905 1157 3987 sceptra
1176 3899 1300 3988 cupido,

441 4005 446 4018 Χ
516 4024 615 4093 Vultis
633 4031 664 4092 et
683 4031 828 4091 externas
844 4021 1013 4112 pugnando
1031 4022 1158 4091 vinoere
1177 4033 1297 4112 gentes,

512 4146 563 4218 dn
581 4168 643 4218 non
661 4147 812 4216 auriferas
831 4149 862 4214 in
881 4149 1006 4236 gurgite
1024 4145 1151 4215 volvere
1171 4167 1280 4216 arenas

512 4270 710 4363 Spumileros
729 4273 841 4342 lluvios
859 4271 1030 4353 Pactolum,
1052 4270 1269 4362 Hermumque
1287 4270 1424 4342 videtis?

513 4397 600 4467 Auro
619 4406 666 4466 est
684 4396 812 4485 Assyria
830 4405 861 4465 et
880 4395 1032 4465 ditissima
1052 4395 1148 4484 Lydia
1166 4396 1269 4476 tellus,

512 4523 636 4592 Aurum
655 4520 773 4590 abdunt
791 4520 911 4609 libycae
930 4521 1054 4590 telluris
1072 4521 1191 4589 viscera
1211 4519 1344 4608 fulgens.

512 4648 682 4718 Tantarum
699 4665 754 4714 ros
774 4653 866 4734 cogat
883 4665 980 4735 opum
998 4665 1111 4736 uapore
1129 4666 1215 4714 arma
1234 4645 1359 4735 cupido,
1390 4691 1395 4701 ·

511 4774 545 4841 Si
562 4790 618 4840 vos
635 4769 719 4838 nulla
738 4767 852 4837 domds
870 4769 953 4858 cogit
973 4771 1147 4838 reverentia
1165 4777 1301 4838 sanetae.
