3394 5372
900 493 1056 544 bostanni:

926 751 1032 814 XXVII
1166 765 1172 776 '

439 1057 444 1068 ι
483 1013 554 1084 blox
575 1019 729 1103 rogatui,
750 1013 818 1104 regi
837 1012 913 1083 dum
931 1012 1041 1082 nuntia
1058 1011 1138 1082 lama
1158 1013 1291 1086 referret

483 1138 603 1210 Cursus
620 1138 762 1209 insolitos
779 1139 922 1208 lusorum
942 1138 1059 1220 classic,
1082 1137 1113 1208 in
1131 1139 1226 1210 aedes
1352 1161 1361 1180 ·

482 1260 531 1352 (Si
550 1261 630 1332 toret
647 1261 707 1332 boc
725 1261 826 1352 cordi)
844 1262 988 1352 proprias
1006 1261 1153 1344 divertat,
1173 1262 1303 1354 (egenas
1334 1251 1337 1255 ’

482 1385 666 1477 Quanquam
685 1383 812 1476 opibus)
829 1385 1003 1476 patriisque
1022 1384 1100 1455 cibis
1118 1395 1256 1478 potuque
1275 1386 1407 1458 iruatur.

482 1511 555 1581 lllon
572 1509 626 1580 ubi
645 1529 679 1580 se
698 1510 815 1580 iessum
834 1511 963 1601 paulum
981 1512 1185 1592 recreaverit,
1205 1512 1291 1582 addit

482 1633 524 1704 Se
542 1633 658 1704 comite
678 1634 709 1702 in
728 1653 840 1702 navem
855 1633 965 1704 festine
982 1634 1214 1724 posscredire:

481 1758 533 1827 Nil
551 1758 614 1828 sibi
631 1767 695 1828 tam
714 1767 850 1849 gratum,
870 1768 1055 1850 tantumque
1073 1760 1210 1851 optabile
1228 1763 1358 1842 cunctis,

482 1884 584 1968 Quam
602 1893 731 1973 gentem
749 1884 865 1974 ignotis
881 1883 1018 1954 vicinam
1036 1905 1207 1976 agnoscere
1225 1887 1328 1956 terris.

919 2239 1036 2305 XXVlll

443 2585 450 2611 ,
482 2501 594 2574 Officio
612 2502 745 2572 laetatur
763 2514 881 2584 noster,
902 2512 934 2573 et
952 2505 1063 2595 accipit
1080 2505 1163 2575 ultro

481 2626 674 2717 Hospitium,
694 2627 777 2717 quod
797 2627 843 2696 sio
860 2627 969 2698 hilaris
987 2628 1178 2700 Monsaidius
1195 2626 1301 2700 offert:
1340 2687 1341 2690 ,

482 2749 548 2820 Ceu
567 2760 667 2834 uetus,
688 2760 719 2820 et
738 2750 831 2840 longo
850 2752 961 2822 firmus
979 2752 1059 2823 loret
1077 2773 1152 2824 usus
1170 2774 1286 2836 amore,

482 2874 553 2946 Una
571 2874 635 2943 edit
654 2883 685 2942 et
702 2883 801 2964 potat,
822 2876 943 2944 cunctis
961 2884 1113 2966 paretque
1129 2875 1263 2966 jubenti.

482 2998 516 3067 ln
535 2997 668 3068 classem
686 2998 820 3068 redeunt
839 2997 933 3068 ambo
949 3018 1036 3080 mor,
1056 2999 1136 3070 urbe
1156 3001 1276 3104 relicta,

483 3123 571 3206 Quae
589 3123 670 3194 beno
687 3123 848 3194 Monsaido
867 3135 1035 3214 perspecta
1054 3135 1084 3196 et
1103 3127 1225 3217 cognita
1244 3147 1369 3198 mauro:

482 3247 652 3318 Scanditur
670 3247 822 3318 ambobus
840 3248 946 3319 tusum
963 3250 1121 3338 praetoria
1140 3251 1241 3320 navis:

484 3371 600 3444 Omnes
618 3372 814 3444 Monsaidum
833 3373 945 3444 blande
964 3374 1100 3465 laetique
1119 3375 1263 3446 salutant.

930 3733 1024 3796 XXlX

483 3993 634 4064 Exultans
652 3993 757 4064 animo
775 3993 948 4066 circumdat
965 3994 1092 4066 brachia
1111 3997 1190 4066 collo

483 4119 611 4201 Ductor,
632 4127 666 4188 ut
685 4120 805 4210 accepit
823 4129 914 4190 notae
933 4119 993 4190 sibi
1012 4141 1177 4192 murmura
1195 4123 1319 4214 linguae

482 4246 584 4329 Quam
602 4244 732 4316 Castella
752 4255 840 4316 sonat
847 4270 855 4328 ;
875 4267 975 4337 prope
993 4267 1027 4317 se
1045 4247 1142 4317 locat:
1162 4249 1299 4340 impiger
1317 4251 1389 4320 iude

482 4369 569 4452 Quae
586 4369 639 4449 sit,
660 4389 802 4460 quaeque
821 4369 899 4440 ierat
917 4371 1004 4440 lusus
1023 4371 1109 4460 regio
1128 4370 1178 4440 illa
1197 4373 1340 4463 requirit.
1377 4437 1379 4448 .

483 4491 574 4561 Haud
592 4511 684 4562 secus
701 4512 737 4562 ac
756 4493 978 4591 Rhodopes'so
997 4495 1073 4564 silva
1091 4505 1209 4565 attenta
1227 4497 1375 4567 mouebat

483 4614 533 4689 nd
552 4623 688 4696 cantum,
707 4615 873 4686 Euridices
892 4637 991 4708 quum
1010 4619 1063 4709 qui
1084 4621 1166 4709 perit
1183 4622 1256 4710 igne
1274 4620 1408 4710 puellae,

482 4738 604 4809 durato
621 4738 729 4810 dulces
747 4739 890 4828 pulsabat
906 4743 1028 4832 pectine
1047 4743 1190 4825 obordas,

483 4861 589 4933 Turba
608 4863 683 4942 coit,
703 4864 868 4952 maurique
887 4865 993 4936 avidas
1011 4868 1064 4936 dat
1085 4866 1214 4939 uocibus
1232 4888 1334 4939 ames.
