3440 5392
580 467 668 515 LIBER
687 468 845 516 suct'nut's

659 726 759 788 [auxil

217 990 355 1080 Tempus
368 995 435 1057 erat
453 1007 561 1078 quum,
581 1006 658 1056 vere
676 986 779 1067 hilari,
798 986 848 1054 tax
866 1005 963 1056 aurea
980 985 1096 1056 Phoebi

217 1112 370 1204 Caeperat
387 1113 533 1204 Eumpae
552 1111 744 1201 praedonem
761 1109 921 1180 involvere
939 1110 1019 1190 luce,

216 1239 256 1307 Et
275 1238 434 1328 geminum
453 1255 581 1305 accensa
599 1235 778 1304 flammabat
796 1233 938 1324 lampade
956 1254 1066 1316 cumn,

214 1361 349 1431 Pulchra
368 1370 399 1429 et
417 1358 572 1429 Amalthei
590 1358 756 1449 spargebat
773 1378 904 1428 munera
922 1357 1024 1428 Flora.

214 1485 301 1554 Illius
319 1486 461 1554 exoriens
478 1484 557 1554 lucis
575 1493 776 1553 monumenta
794 1483 926 1554 novabat

215 1608 354 1678 Orbibus
371 1609 508 1678 emensis
525 1607 680 1688 Phoebus,
701 1628 762 1698 qua
780 1607 894 1676 licetur
911 1606 1047 1698 Olympi,

215 1733 269 1802 Ille
286 1741 397 1822 puteus
414 1752 532 1810 rerum,
552 1733 635 1801 vitae
652 1739 818 1801 revocatus
836 1731 868 1799 in
886 1752 988 1812 auras,

216 1856 328 1926 Omnia
347 1857 488 1935 muniuit,
508 1874 588 1944 quae
606 1855 723 1925 lecerat
742 1864 823 1934 ante,
843 1855 955 1943 sigillo.

651 2212 764 2275 LXXIII

214 2478 386 2547 Lusiadum
404 2477 510 2546 classis
527 2485 595 2545 tum
613 2476 718 2545 littora
736 2483 800 2544 tuta
820 2476 955 2554 tenebat,

214 2602 281 2671 Rex
298 2601 354 2671 utu
372 2599 525 2670 Molindae
542 2600 648 2670 sedem
666 2608 861 2691 opportunus
878 2600 1022 2678 habehat,

216 2725 293 2795 Tota
310 2724 429 2805 hilaris,
448 2726 526 2794 leste
544 2725 576 2793 in
594 2726 731 2814 speciem
750 2723 894 2794 decorata
910 2733 1033 2814 paratu,

154 2889 160 2902 ·
215 2850 363 2919 Sidereos
381 2869 486 2918 sacrae
504 2857 637 2918 testatur
655 2848 734 2917 lucis
750 2847 897 2917 hencres

216 2975 309 3064 Signa
330 2974 445 3054 volant,
467 2974 582 3062 crispat
599 2971 712 3041 vexilla
730 2971 878 3042 undantia
896 2980 1023 3041 ventus:

217 3099 461 3189 Purpureusque
479 3097 564 3166 colcu·
582 3096 691 3186 procul
711 3095 806 3165 afficit
824 3116 878 3165 nra
897 3095 1076 3166 videntum:

215 3222 374 3313 lympana
393 3241 488 3290 rauca
506 3229 625 3300 sonant,
646 3229 733 3290 sonat
752 3239 840 3289 aenea
857 3219 984 3289 bractea
1001 3219 1127 3312 palmis:

218 3347 333 3416 Partim
352 3345 472 3425 hilaris,
492 3346 670 3436 partimque
689 3344 775 3414 ieron
793 3344 825 3413 in
844 3342 949 3414 littore
967 3344 1059 3413 sistit.

652 3703 767 3765 cxxiv

216 3967 284 4037 Iam
303 3965 480 4038 Melindane
494 3965 691 4055 complentur
709 3965 811 4034 littora
831 3973 933 4043 coetu,

141 4145 145 4154 .
215 4092 317 4162 Exciti
337 4091 456 4180 populi,
476 4090 590 4160 laetam
609 4089 698 4179 queis
716 4109 844 4158 cernere
864 4089 994 4158 classem

214 4215 270 4286 Est
288 4216 407 4298 animu;
430 4215 533 4284 miuus
552 4214 604 4284 ille
624 4214 721 4293 ieron,
741 4214 842 4304 magIs
860 4214 911 4283 ille
929 4211 1031 4281 tidelis

215 4341 317 4424 Quam
337 4339 489 4430 reliquae,
511 4357 645 4429 quonum
664 4343 818 4408 tentarant
836 4338 925 4417 ostia,
945 4345 1063 4426 gentes.

215 4461 330 4532 Classis
348 4462 380 4530 in
399 4471 527 4552 aspectu
544 4482 650 4532 curam
668 4460 768 4532 delata
787 4461 932 4550 quiescit,

214 4587 303 4659 Unca
322 4588 411 4678 gravi
430 4575 547 4656 terram
565 4587 641 4656 serni
659 4595 742 4656 tenet
761 4557 894 4655 anchona
913 4603 1033 4654 morsu.

215 4711 282 4781 Jam
300 4711 430 4780 mittunt
446 4731 546 4781 unum
566 4718 728 4800 capturum
746 4729 784 4778 ex
803 4708 927 4798 agmine
944 4707 1101 4788 Maurum,

215 4836 274 4919 Qui
294 4835 402 4905 doceat
421 4836 527 4904 classis
545 4835 648 4904 subite
667 4853 821 4925 quaenam
840 4831 959 4922 appulit
977 4832 1051 4900 cris.
