3406 5378
592 489 683 536 LIBER
702 488 835 536 DECIMUS

664 745 768 808 LXXII

213 1005 297 1076 Ecce
315 1005 409 1076 heros
427 1007 567 1087 venicus,
587 1007 711 1076 socium
730 981 899 1076 comitante
918 1007 1085 1098 phalange,

215 1129 286 1199 Jam
304 1129 377 1200 felix
396 1130 506 1211 victor,
528 1130 649 1220 campis
667 1130 783 1201 insidet
801 1131 929 1221 apertis,

215 1254 383 1346 Cambay’ae
402 1275 514 1346 regem
533 1255 711 1346 intrepidus
729 1265 892 1346 terretque
911 1258 1096 1347 superbum,

213 1379 483 1471 Quadrupedante
501 1379 566 1450 Iera
586 1381 640 1471 qui
661 1381 754 1451 turba
773 1381 855 1452 bella
873 1385 1025 1452 minatur.

213 1505 283 1596 lpse
302 1525 362 1576 nec
380 1503 536 1576 Hidalcon
555 1525 639 1598 quae
656 1506 797 1597 possidet
815 1527 890 1576 arva
909 1516 1028 1589 tuetur,

214 1631 327 1701 Omnia
342 1631 410 1722 jam
430 1631 544 1704 cedent
562 1633 661 1702 armis
679 1632 873 1724 dextraeque
891 1635 1030 1724 potenti:

213 1755 301 1826 Haec
319 1755 487 1837 Dabulem,
507 1757 645 1847 positam
664 1777 814 1847 spumoso
833 1761 864 1827 in
884 1759 1000 1840 littore,
1020 1761 1122 1850 punit,

212 1879 279 1950 Nec
297 1878 403 1950 Panda
423 1879 553 1969 allagiet
572 1879 694 1950 cladem
712 1880 828 1952 tellure
847 1887 982 1972 reposta.

653 2237 769 2300 LXXIII

210 2501 251 2570 lli
269 2501 410 2581 demum,
431 2509 527 2591 atque
546 2501 597 2571 alii
617 2500 750 2572 diversis
769 2503 921 2592 parthuS,
944 2503 1019 2572 olim

209 2623 326 2695 Illustri
344 2625 459 2696 heriles
477 2625 623 2716 famaque
643 2635 675 2695 et
694 2627 822 2696 nomiae
840 2625 938 2716 digni,

209 2749 296 2834 Quos
315 2748 458 2820 celebres
475 2749 568 2820 lactet
586 2749 677 2820 bellis
694 2752 848 2820 mavortia
867 2751 980 2830 virtus,

209 2873 349 2954 Deliciis
368 2873 463 2944 otlert
481 2894 559 2964 quas
576 2873 677 2943 insula
696 2883 814 2954 nostra,
834 2874 992 2944 [meatur.

209 2999 307 3069 Hoste
325 2998 531 3089 triumphato,
551 3007 716 3068 verrentes
735 3018 874 3088 aequora
893 2999 1000 3088 sigale,

209 3123 280 3194 Huc
298 3125 437 3216 venient,
456 3123 572 3192 lluctus
591 3128 685 3192 curva
703 3122 842 3192 findente
861 3124 981 3194 carina:

68 3339 71 3348 1
208 3247 269 3317 llic
287 3247 381 3318 hasce
398 3247 556 3317 invenient
574 3247 744 3337 Nymphas,
766 3245 938 3338 epulasque
956 3257 1091 3338 paratas,

208 3371 351 3442 Praemia
368 3391 557 3463 magnorum
576 3371 719 3461 requiem
739 3381 923 3464 certamque
941 3372 1096 3444 laborum.

655 3729 772 3793 uxxtv

190 3994 291 4065 ¹Talia
310 3993 454 4086 Nympha
471 3993 564 4074 canit,
587 3993 729 4084 rehquus
746 3993 863 4064 chorus
881 3995 997 4085 excipit
1014 3995 1078 4096 illa¹

204 4115 356 4198 Vocibus,
377 4125 407 4188 et
425 4125 552 4187 resonat
570 4116 789 4208 Nympharum
807 4117 970 4207 plausibus
987 4119 1069 4200 aula,

204 4241 293 4326 Quae
312 4241 418 4312 dulces
436 4240 596 4312 celebrant
617 4241 781 4322 thalamos,
799 4240 1182 4332 laetosque'hymeuaeos;

204 4366 258 4435 Sic
277 4366 418 4435 mulceat
437 4365 569 4445 animos,
589 4366 634 4434 sic
653 4367 765 4435 crescit
782 4364 896 4434 blauda
916 4365 1069 4455 voluptas.

203 4490 271 4560 Etsi
290 4509 379 4561 more
398 4510 455 4561 suo
474 4490 600 4562 lartum
617 4488 763 4560 volubilis
781 4497 877 4568 erret,

201 4615 402 4708 (Exclamant
420 4635 532 4686 omncs
550 4614 697 4686 concordi
716 4615 855 4685 carmine
872 4614 1047 4707 Nymphae)

201 4740 270 4811 Nou
288 4749 320 4810 te
339 4739 499 4820 deficient,
520 4759 635 4831 gauso
654 4738 838 4820 clarissima,
858 4739 970 4822 virtus,

199 4864 293 4947 Laus,
312 4865 413 4935 honor
431 4874 474 4945 et,
494 4865 619 4944 merito,
640 4863 742 4934 dulcis
759 4864 926 4954 praeconia
945 4865 1057 4936 lamae.
