<?xml version="1.0" encoding="UTF-8"?>
<!DOCTYPE html PUBLIC "-//W3C//DTD XHTML 1.0 Transitional//EN"
    "http://www.w3.org/TR/xhtml1/DTD/xhtml1-transitional.dtd">
<html xmlns="http://www.w3.org/1999/xhtml" xml:lang="en" lang="en">
 <head>
  <title>
</title>
<meta http-equiv="Content-Type" content="text/html;charset=utf-8" />
  <meta name='ocr-system' content='tesseract 3.04.00' />
  <meta name='ocr-capabilities' content='ocr_page ocr_carea ocr_par ocr_line ocrx_word'/>
</head>
<body>
  <div class='ocr_page' id='page_1' title='image "./alusiadadeluizd00deslgoog_0053.png"; bbox 0 0 3440 5392; ppageno 0'>
   <div class='ocr_carea' id='block_1_1' title="bbox 815 425 1038 743">
    <p class='ocr_par' dir='ltr' id='par_1_1' title="bbox 815 425 1038 743">
     <span class='ocr_line' id='line_1_1' title="bbox 886 425 1038 471; baseline -0.007 0"><span class='ocrx_word' id='word_1_1' title='bbox 886 425 1038 471; x_wconf 69' lang='lat' dir='ltr'>tustanum</span> 
     </span>
     <span class='ocr_line' id='line_1_2' title="bbox 815 667 975 743; baseline 0 0"><span class='ocrx_word' id='word_1_2' title='bbox 815 667 825 682; x_wconf 86' lang='lat'><strong><em>‘</em></strong></span> <span class='ocrx_word' id='word_1_3' title='bbox 939 683 975 743; x_wconf 85' lang='lat' dir='ltr'><strong>u</strong></span> 
     </span>
    </p>
   </div>
   <div class='ocr_carea' id='block_1_2' title="bbox 460 943 1332 1910">
    <p class='ocr_par' dir='ltr' id='par_1_2' title="bbox 460 943 1320 1659">
     <span class='ocr_line' id='line_1_3' title="bbox 461 943 1320 1036; baseline -0.002 -20"><span class='ocrx_word' id='word_1_4' title='bbox 461 947 620 1036; x_wconf 88' lang='lat' dir='ltr'>Quidquid</span> <span class='ocrx_word' id='word_1_5' title='bbox 639 945 677 1015; x_wconf 90' lang='lat' dir='ltr'>ab</span> <span class='ocrx_word' id='word_1_6' title='bbox 696 944 813 1014; x_wconf 79' lang='lat' dir='ltr'>Areten</span> <span class='ocrx_word' id='word_1_7' title='bbox 831 943 977 1014; x_wconf 81' lang='lat' dir='ltr'><strong>Callistus</strong></span> <span class='ocrx_word' id='word_1_8' title='bbox 996 944 1106 1035; x_wconf 87' lang='lat' dir='ltr'>sydere</span> <span class='ocrx_word' id='word_1_9' title='bbox 1125 946 1157 1014; x_wconf 96' lang='lat' dir='ltr'>in</span> <span class='ocrx_word' id='word_1_10' title='bbox 1176 955 1320 1016; x_wconf 81' lang='lat' dir='ltr'><strong>austrum</strong></span> 
     </span>
     <span class='ocr_line' id='line_1_4' title="bbox 462 1069 1250 1162; baseline -0.003 -20"><span class='ocrx_word' id='word_1_11' title='bbox 462 1071 626 1150; x_wconf 85' lang='lat' dir='ltr'>Funditur,</span> <span class='ocrx_word' id='word_1_12' title='bbox 646 1079 785 1142; x_wconf 80' lang='lat' dir='ltr'><strong>errantes</strong></span> <span class='ocrx_word' id='word_1_13' title='bbox 802 1071 913 1162; x_wconf 81' lang='lat' dir='ltr'>pelago</span> <span class='ocrx_word' id='word_1_14' title='bbox 933 1069 1138 1154; x_wconf 58' lang='lat' dir='ltr'>centecimum</span> <span class='ocrx_word' id='word_1_15' title='bbox 1159 1091 1250 1141; x_wconf 89' lang='lat' dir='ltr'>eram</span> 
     </span>
     <span class='ocr_line' id='line_1_5' title="bbox 460 1195 1315 1286; baseline -0.004 -19"><span class='ocrx_word' id='word_1_16' title='bbox 460 1199 563 1282; x_wconf 84' lang='lat' dir='ltr'>Quam</span> <span class='ocrx_word' id='word_1_17' title='bbox 580 1197 673 1286; x_wconf 90' lang='lat' dir='ltr'>longa</span> <span class='ocrx_word' id='word_1_18' title='bbox 691 1207 738 1266; x_wconf 89' lang='lat' dir='ltr'>est</span> <span class='ocrx_word' id='word_1_19' title='bbox 756 1195 871 1285; x_wconf 83' lang='lat' dir='ltr'>Libyae</span> <span class='ocrx_word' id='word_1_20' title='bbox 889 1196 976 1265; x_wconf 83' lang='lat' dir='ltr'>linuit</span> <span class='ocrx_word' id='word_1_21' title='bbox 994 1205 1189 1286; x_wconf 78' lang='lat' dir='ltr'>praetexere,</span> <span class='ocrx_word' id='word_1_22' title='bbox 1212 1206 1315 1265; x_wconf 89' lang='lat' dir='ltr'>terrae</span> 
     </span>
     <span class='ocr_line' id='line_1_6' title="bbox 461 1319 1229 1410; baseline -0.004 -20"><span class='ocrx_word' id='word_1_23' title='bbox 461 1321 610 1390; x_wconf 84' lang='lat' dir='ltr'>Diuersus</span> <span class='ocrx_word' id='word_1_24' title='bbox 629 1329 756 1402; x_wconf 81' lang='lat' dir='ltr'>tractus,</span> <span class='ocrx_word' id='word_1_25' title='bbox 778 1321 965 1410; x_wconf 85' lang='lat' dir='ltr'>diversaque</span> <span class='ocrx_word' id='word_1_26' title='bbox 982 1319 1117 1390; x_wconf 86' lang='lat' dir='ltr'>uidimus</span> <span class='ocrx_word' id='word_1_27' title='bbox 1135 1329 1229 1389; x_wconf 88' lang='lat' dir='ltr'>astra.</span> 
     </span>
     <span class='ocr_line' id='line_1_7' title="bbox 460 1417 1223 1543; baseline -0.001 -29"><span class='ocrx_word' id='word_1_28' title='bbox 460 1445 597 1535; x_wconf 87' lang='lat' dir='ltr'>Imperio</span> <span class='ocrx_word' id='word_1_29' title='bbox 615 1446 710 1543; x_wconf 84' lang='lat' dir='ltr'>Regis</span> <span class='ocrx_word' id='word_1_30' title='bbox 728 1417 875 1535; x_wconf 86' lang='lat' dir='ltr'>belloque</span> <span class='ocrx_word' id='word_1_31' title='bbox 893 1444 1068 1535; x_wconf 87' lang='lat' dir='ltr'>opibusque</span> <span class='ocrx_word' id='word_1_32' title='bbox 1086 1444 1223 1534; x_wconf 90' lang='lat' dir='ltr'>putentis</span> 
     </span>
     <span class='ocr_line' id='line_1_8' title="bbox 461 1568 1202 1659; baseline -0.001 -20"><span class='ocrx_word' id='word_1_33' title='bbox 461 1569 645 1649; x_wconf 80' lang='lat' dir='ltr'>Surbdimur,</span> <span class='ocrx_word' id='word_1_34' title='bbox 666 1570 786 1639; x_wconf 82' lang='lat' dir='ltr'>ardenti</span> <span class='ocrx_word' id='word_1_35' title='bbox 805 1568 896 1658; x_wconf 85' lang='lat' dir='ltr'>eujus</span> <span class='ocrx_word' id='word_1_36' title='bbox 913 1569 957 1639; x_wconf 88' lang='lat' dir='ltr'>sin</span> <span class='ocrx_word' id='word_1_37' title='bbox 974 1569 1100 1638; x_wconf 91' lang='lat' dir='ltr'>urimur</span> <span class='ocrx_word' id='word_1_38' title='bbox 1119 1569 1202 1659; x_wconf 84' lang='lat' dir='ltr'>igne,</span> 
     </span>
    </p>

    <p class='ocr_par' dir='ltr' id='par_1_3' title="bbox 461 1693 1233 1785">
     <span class='ocr_line' id='line_1_9' title="bbox 461 1693 1233 1785; baseline -0.005 -19"><span class='ocrx_word' id='word_1_39' title='bbox 461 1694 506 1766; x_wconf 92' lang='lat' dir='ltr'>Ut</span> <span class='ocrx_word' id='word_1_40' title='bbox 524 1703 648 1764; x_wconf 85' lang='lat' dir='ltr'>tranare</span> <span class='ocrx_word' id='word_1_41' title='bbox 665 1715 777 1784; x_wconf 86' lang='lat' dir='ltr'>parum</span> <span class='ocrx_word' id='word_1_42' title='bbox 797 1695 899 1785; x_wconf 90' lang='lat' dir='ltr'>pelagi</span> <span class='ocrx_word' id='word_1_43' title='bbox 917 1697 957 1764; x_wconf 92' lang='lat' dir='ltr'>sit</span> <span class='ocrx_word' id='word_1_44' title='bbox 975 1693 1054 1764; x_wconf 92' lang='lat' dir='ltr'>dura</span> <span class='ocrx_word' id='word_1_45' title='bbox 1072 1693 1233 1784; x_wconf 86' lang='lat' dir='ltr'>prniundi;</span> 
     </span>
    </p>

    <p class='ocr_par' dir='ltr' id='par_1_4' title="bbox 461 1817 1332 1910">
     <span class='ocr_line' id='line_1_10' title="bbox 461 1817 1332 1910; baseline -0.002 -21"><span class='ocrx_word' id='word_1_46' title='bbox 461 1818 500 1889; x_wconf 93' lang='lat' dir='ltr'>Ni</span> <span class='ocrx_word' id='word_1_47' title='bbox 518 1818 643 1907; x_wconf 82' lang='lat' dir='ltr'>Stygios</span> <span class='ocrx_word' id='word_1_48' title='bbox 661 1819 777 1900; x_wconf 79' lang='lat' dir='ltr'>latices,</span> <span class='ocrx_word' id='word_1_49' title='bbox 797 1820 963 1910; x_wconf 89' lang='lat' dir='ltr'>ipsumque</span> <span class='ocrx_word' id='word_1_50' title='bbox 982 1817 1159 1888; x_wconf 77' lang='lat' dir='ltr'>Acheronta</span> <span class='ocrx_word' id='word_1_51' title='bbox 1177 1829 1332 1908; x_wconf 91' lang='lat' dir='ltr'>petamus.</span> 
     </span>
    </p>
   </div>
   <div class='ocr_carea' id='block_1_3' title="bbox 933 2176 981 2239">
    <p class='ocr_par' dir='ltr' id='par_1_5' title="bbox 933 2176 981 2239">
     <span class='ocr_line' id='line_1_11' title="bbox 933 2176 981 2239; baseline 0 -1"><span class='ocrx_word' id='word_1_52' title='bbox 933 2176 981 2239; x_wconf 80' lang='lat' dir='ltr'>tn</span> 
     </span>
    </p>
   </div>
   <div class='ocr_carea' id='block_1_4' title="bbox 460 2440 1345 3403">
    <p class='ocr_par' dir='ltr' id='par_1_6' title="bbox 463 2440 1135 2532">
     <span class='ocr_line' id='line_1_12' title="bbox 463 2440 1135 2532; baseline 0.004 -24"><span class='ocrx_word' id='word_1_53' title='bbox 463 2440 547 2509; x_wconf 85' lang='lat' dir='ltr'>lilius</span> <span class='ocrx_word' id='word_1_54' title='bbox 565 2440 697 2529; x_wconf 86' lang='lat' dir='ltr'>imperia</span> <span class='ocrx_word' id='word_1_55' title='bbox 716 2449 816 2510; x_wconf 90' lang='lat' dir='ltr'>terras</span> <span class='ocrx_word' id='word_1_56' title='bbox 834 2442 1021 2532; x_wconf 88' lang='lat' dir='ltr'>inquirimus</span> <span class='ocrx_word' id='word_1_57' title='bbox 1038 2440 1135 2511; x_wconf 88' lang='lat' dir='ltr'>Indus</span> 
     </span>
    </p>

    <p class='ocr_par' dir='ltr' id='par_1_7' title="bbox 460 2565 1340 2903">
     <span class='ocr_line' id='line_1_13' title="bbox 463 2565 1340 2657; baseline 0 -24"><span class='ocrx_word' id='word_1_58' title='bbox 463 2566 547 2649; x_wconf 88' lang='lat' dir='ltr'>Quas</span> <span class='ocrx_word' id='word_1_59' title='bbox 565 2565 656 2655; x_wconf 92' lang='lat' dir='ltr'>rigat,</span> <span class='ocrx_word' id='word_1_60' title='bbox 678 2573 709 2634; x_wconf 89' lang='lat' dir='ltr'>et</span> <span class='ocrx_word' id='word_1_61' title='bbox 727 2565 837 2657; x_wconf 89' lang='lat' dir='ltr'>primis</span> <span class='ocrx_word' id='word_1_62' title='bbox 854 2565 910 2635; x_wconf 89' lang='lat' dir='ltr'>ubi</span> <span class='ocrx_word' id='word_1_63' title='bbox 928 2566 974 2635; x_wconf 89' lang='lat' dir='ltr'>sul</span> <span class='ocrx_word' id='word_1_64' title='bbox 993 2566 1087 2636; x_wconf 91' lang='lat' dir='ltr'>mieat</span> <span class='ocrx_word' id='word_1_65' title='bbox 1106 2567 1215 2656; x_wconf 86' lang='lat' dir='ltr'>igneus</span> <span class='ocrx_word' id='word_1_66' title='bbox 1232 2568 1340 2634; x_wconf 88' lang='lat' dir='ltr'>astris:</span> 
     </span>
     <span class='ocr_line' id='line_1_14' title="bbox 462 2687 1326 2779; baseline -0.001 -22"><span class='ocrx_word' id='word_1_67' title='bbox 462 2687 517 2758; x_wconf 88' lang='lat' dir='ltr'>ille</span> <span class='ocrx_word' id='word_1_68' title='bbox 534 2689 630 2779; x_wconf 83' lang='lat' dir='ltr'>adigit</span> <span class='ocrx_word' id='word_1_69' title='bbox 648 2689 768 2758; x_wconf 90' lang='lat' dir='ltr'>ratibus</span> <span class='ocrx_word' id='word_1_70' title='bbox 786 2689 916 2779; x_wconf 86' lang='lat' dir='ltr'>pelagus</span> <span class='ocrx_word' id='word_1_71' title='bbox 935 2690 1056 2759; x_wconf 82' lang='lat' dir='ltr'>sulcare</span> <span class='ocrx_word' id='word_1_72' title='bbox 1075 2698 1247 2760; x_wconf 88' lang='lat' dir='ltr'>remotum:</span> <span class='ocrx_word' id='word_1_73' title='bbox 1325 2697 1326 2700; x_wconf 76' lang='grc'>’</span> 
     </span>
     <span class='ocr_line' id='line_1_15' title="bbox 460 2812 1233 2903; baseline 0.001 -22"><span class='ocrx_word' id='word_1_74' title='bbox 460 2813 502 2881; x_wconf 91' lang='grc' dir='ltr'><strong>Ε1</strong></span> <span class='ocrx_word' id='word_1_75' title='bbox 520 2821 644 2882; x_wconf 89' lang='lat' dir='ltr'>tranare</span> <span class='ocrx_word' id='word_1_76' title='bbox 663 2812 736 2882; x_wconf 86' lang='lat' dir='ltr'>ieris</span> <span class='ocrx_word' id='word_1_77' title='bbox 753 2820 875 2881; x_wconf 90' lang='lat' dir='ltr'>tantum</span> <span class='ocrx_word' id='word_1_78' title='bbox 892 2813 971 2882; x_wconf 84' lang='lat' dir='ltr'>irata</span> <span class='ocrx_word' id='word_1_79' title='bbox 988 2814 1096 2902; x_wconf 87' lang='lat' dir='ltr'>pervia</span> <span class='ocrx_word' id='word_1_80' title='bbox 1114 2813 1233 2903; x_wconf 84' lang='lat' dir='ltr'>phneis</span> 
     </span>
    </p>

    <p class='ocr_par' dir='ltr' id='par_1_8' title="bbox 461 2934 1345 3403">
     <span class='ocr_line' id='line_1_16' title="bbox 462 2934 1211 3028; baseline 0 -22"><span class='ocrx_word' id='word_1_81' title='bbox 462 2937 525 3006; x_wconf 92' lang='lat' dir='ltr'>Sed</span> <span class='ocrx_word' id='word_1_82' title='bbox 540 2937 606 3027; x_wconf 85' lang='lat' dir='ltr'>jam</span> <span class='ocrx_word' id='word_1_83' title='bbox 620 2939 699 3006; x_wconf 87' lang='lat' dir='ltr'>seire</span> <span class='ocrx_word' id='word_1_84' title='bbox 718 2936 817 3017; x_wconf 86' lang='lat' dir='ltr'>deeet,</span> <span class='ocrx_word' id='word_1_85' title='bbox 838 2934 918 3027; x_wconf 90' lang='lat' dir='ltr'>(veri</span> <span class='ocrx_word' id='word_1_86' title='bbox 937 2939 963 3006; x_wconf 88' lang='lat' dir='ltr'>si</span> <span class='ocrx_word' id='word_1_87' title='bbox 983 2936 1077 3008; x_wconf 86' lang='lat' dir='ltr'>nnrda</span> <span class='ocrx_word' id='word_1_88' title='bbox 1096 2937 1211 3028; x_wconf 88' lang='lat' dir='ltr'>cupide</span> 
     </span>
     <span class='ocr_line' id='line_1_17' title="bbox 461 3061 1274 3156; baseline 0.002 -25"><span class='ocrx_word' id='word_1_89' title='bbox 461 3062 582 3152; x_wconf 83' lang='lat' dir='ltr'>Tangit,</span> <span class='ocrx_word' id='word_1_90' title='bbox 603 3071 633 3132; x_wconf 94' lang='lat' dir='ltr'>et</span> <span class='ocrx_word' id='word_1_91' title='bbox 652 3062 732 3132; x_wconf 90' lang='lat' dir='ltr'>alma</span> <span class='ocrx_word' id='word_1_92' title='bbox 751 3061 845 3132; x_wconf 86' lang='lat' dir='ltr'>Fides</span> <span class='ocrx_word' id='word_1_93' title='bbox 863 3062 959 3152; x_wconf 83' lang='lat' dir='ltr'>adigit</span> <span class='ocrx_word' id='word_1_94' title='bbox 976 3082 1033 3132; x_wconf 85' lang='lat' dir='ltr'>uos</span> <span class='ocrx_word' id='word_1_95' title='bbox 1051 3071 1135 3131; x_wconf 87' lang='lat' dir='ltr'>certa</span> <span class='ocrx_word' id='word_1_96' title='bbox 1153 3063 1274 3156; x_wconf 78' lang='lat' dir='ltr'>fateri)</span> 
     </span>
     <span class='ocr_line' id='line_1_18' title="bbox 463 3187 1345 3278; baseline 0.001 -22"><span class='ocrx_word' id='word_1_97' title='bbox 463 3187 528 3274; x_wconf 87' lang='lat' dir='ltr'>Qui</span> <span class='ocrx_word' id='word_1_98' title='bbox 542 3189 622 3257; x_wconf 77' lang='lat' dir='ltr'>vus?</span> <span class='ocrx_word' id='word_1_99' title='bbox 640 3188 726 3272; x_wconf 88' lang='lat' dir='ltr'>Quae</span> <span class='ocrx_word' id='word_1_100' title='bbox 745 3189 832 3278; x_wconf 86' lang='lat' dir='ltr'>regie</span> <span class='ocrx_word' id='word_1_101' title='bbox 851 3187 927 3258; x_wconf 84' lang='lat' dir='ltr'>haee</span> <span class='ocrx_word' id='word_1_102' title='bbox 944 3188 1034 3257; x_wconf 88' lang='lat' dir='ltr'>vebis</span> <span class='ocrx_word' id='word_1_103' title='bbox 1051 3187 1187 3258; x_wconf 87' lang='lat' dir='ltr'>habitata</span> <span class='ocrx_word' id='word_1_104' title='bbox 1207 3188 1345 3259; x_wconf 78' lang='lat' dir='ltr'>eninnis‘?</span> 
     </span>
     <span class='ocr_line' id='line_1_19' title="bbox 462 3310 1202 3403; baseline 0.003 -24"><span class='ocrx_word' id='word_1_105' title='bbox 462 3310 565 3380; x_wconf 89' lang='lat' dir='ltr'>Edere</span> <span class='ocrx_word' id='word_1_106' title='bbox 583 3332 663 3401; x_wconf 91' lang='lat' dir='ltr'>quae</span> <span class='ocrx_word' id='word_1_107' title='bbox 681 3312 770 3382; x_wconf 86' lang='lat' dir='ltr'>nohis</span> <span class='ocrx_word' id='word_1_108' title='bbox 789 3312 925 3381; x_wconf 89' lang='lat' dir='ltr'>Orientis</span> <span class='ocrx_word' id='word_1_109' title='bbox 944 3314 1032 3402; x_wconf 88' lang='lat' dir='ltr'>signa</span> <span class='ocrx_word' id='word_1_110' title='bbox 1050 3313 1202 3403; x_wconf 74' lang='lat' dir='ltr'>potestis?</span> 
     </span>
    </p>
   </div>
   <div class='ocr_carea' id='block_1_5' title="bbox 929 3671 985 3731">
    <p class='ocr_par' dir='ltr' id='par_1_9' title="bbox 929 3671 985 3731">
     <span class='ocr_line' id='line_1_20' title="bbox 929 3671 985 3731; baseline 0.018 -1"><span class='ocrx_word' id='word_1_111' title='bbox 929 3671 985 3731; x_wconf 82' lang='lat' dir='ltr'>Lill</span> 
     </span>
    </p>
   </div>
   <div class='ocr_carea' id='block_1_6' title="bbox 462 3932 1357 4902">
    <p class='ocr_par' dir='ltr' id='par_1_10' title="bbox 462 3932 1357 4902">
     <span class='ocr_line' id='line_1_21' title="bbox 462 3932 1278 4025; baseline 0.002 -23"><span class='ocrx_word' id='word_1_112' title='bbox 462 3932 528 4004; x_wconf 86' lang='lat' dir='ltr'>Nee</span> <span class='ocrx_word' id='word_1_113' title='bbox 545 3934 645 4023; x_wconf 91' lang='lat' dir='ltr'>patria</span> <span class='ocrx_word' id='word_1_114' title='bbox 662 3953 773 4003; x_wconf 92' lang='lat' dir='ltr'>sumus</span> <span class='ocrx_word' id='word_1_115' title='bbox 790 3935 886 4024; x_wconf 90' lang='lat' dir='ltr'>(unus</span> <span class='ocrx_word' id='word_1_116' title='bbox 903 3934 958 4023; x_wconf 92' lang='lat' dir='ltr'>ait)</span> <span class='ocrx_word' id='word_1_117' title='bbox 976 3953 1034 4005; x_wconf 87' lang='lat' dir='ltr'>nee</span> <span class='ocrx_word' id='word_1_118' title='bbox 1053 3934 1122 4025; x_wconf 89' lang='lat' dir='ltr'>lege</span> <span class='ocrx_word' id='word_1_119' title='bbox 1140 3955 1199 4004; x_wconf 85' lang='lat' dir='ltr'>nec</span> <span class='ocrx_word' id='word_1_120' title='bbox 1217 3937 1278 4004; x_wconf 89' lang='lat' dir='ltr'>aris</span> 
     </span>
     <span class='ocr_line' id='line_1_22' title="bbox 462 4056 1197 4148; baseline 0.003 -22"><span class='ocrx_word' id='word_1_121' title='bbox 462 4057 642 4148; x_wconf 90' lang='lat' dir='ltr'>Indigenae;</span> <span class='ocrx_word' id='word_1_122' title='bbox 663 4056 720 4127; x_wconf 90' lang='lat' dir='ltr'>hos</span> <span class='ocrx_word' id='word_1_123' title='bbox 738 4057 796 4127; x_wconf 89' lang='lat' dir='ltr'>alia</span> <span class='ocrx_word' id='word_1_124' title='bbox 815 4057 902 4128; x_wconf 88' lang='lat' dir='ltr'>dueti</span> <span class='ocrx_word' id='word_1_125' title='bbox 920 4059 1048 4148; x_wconf 90' lang='lat' dir='ltr'>regione</span> <span class='ocrx_word' id='word_1_126' title='bbox 1066 4059 1197 4129; x_wconf 87' lang='lat' dir='ltr'>Penates</span> 
     </span>
     <span class='ocr_line' id='line_1_23' title="bbox 463 4183 1320 4275; baseline 0.001 -23"><span class='ocrx_word' id='word_1_127' title='bbox 463 4183 644 4266; x_wconf 82' lang='lat' dir='ltr'>incolimus3</span> <span class='ocrx_word' id='word_1_128' title='bbox 665 4185 720 4274; x_wconf 94' lang='lat' dir='ltr'>qui</span> <span class='ocrx_word' id='word_1_129' title='bbox 738 4191 818 4253; x_wconf 80' lang='grc'><strong>16616</strong></span> <span class='ocrx_word' id='word_1_130' title='bbox 831 4185 954 4265; x_wconf 76' lang='lat' dir='ltr'>uniunt,</span> <span class='ocrx_word' id='word_1_131' title='bbox 975 4193 1047 4255; x_wconf 89' lang='lat' dir='ltr'>sunt</span> <span class='ocrx_word' id='word_1_132' title='bbox 1065 4185 1199 4256; x_wconf 90' lang='lat' dir='ltr'>barbara</span> <span class='ocrx_word' id='word_1_133' title='bbox 1218 4184 1320 4275; x_wconf 87' lang='lat' dir='ltr'>gentis</span> 
     </span>
     <span class='ocr_line' id='line_1_24' title="bbox 463 4285 1323 4400; baseline 0.001 -22"><span class='ocrx_word' id='word_1_134' title='bbox 463 4307 608 4399; x_wconf 79' lang='lat' dir='ltr'>Agmina,</span> <span class='ocrx_word' id='word_1_135' title='bbox 623 4285 712 4398; x_wconf 80' lang='lat' dir='ltr'>queis</span> <span class='ocrx_word' id='word_1_136' title='bbox 730 4309 826 4399; x_wconf 86' lang='lat' dir='ltr'>leges,</span> <span class='ocrx_word' id='word_1_137' title='bbox 846 4310 987 4400; x_wconf 82' lang='lat' dir='ltr'>ratioque</span> <span class='ocrx_word' id='word_1_138' title='bbox 1005 4320 1036 4380; x_wconf 94' lang='lat' dir='ltr'>et</span> <span class='ocrx_word' id='word_1_139' title='bbox 1053 4313 1182 4380; x_wconf 91' lang='lat' dir='ltr'>numina</span> <span class='ocrx_word' id='word_1_140' title='bbox 1200 4309 1323 4380; x_wconf 86' lang='lat' dir='ltr'>desunt.</span> 
     </span>
     <span class='ocr_line' id='line_1_25' title="bbox 462 4433 1304 4527; baseline -0.001 -23"><span class='ocrx_word' id='word_1_141' title='bbox 462 4433 560 4504; x_wconf 88' lang='lat' dir='ltr'>Nobis</span> <span class='ocrx_word' id='word_1_142' title='bbox 580 4443 665 4504; x_wconf 80' lang='lat' dir='ltr'>certa</span> <span class='ocrx_word' id='word_1_143' title='bbox 683 4443 819 4514; x_wconf 90' lang='lat' dir='ltr'>manent,</span> <span class='ocrx_word' id='word_1_144' title='bbox 840 4434 946 4504; x_wconf 87' lang='lat' dir='ltr'>decuit</span> <span class='ocrx_word' id='word_1_145' title='bbox 964 4456 1044 4527; x_wconf 86' lang='lat' dir='ltr'>quae</span> <span class='ocrx_word' id='word_1_146' title='bbox 1064 4455 1150 4506; x_wconf 87' lang='lat' dir='ltr'>saera</span> <span class='ocrx_word' id='word_1_147' title='bbox 1168 4435 1304 4526; x_wconf 89' lang='lat' dir='ltr'>parentis</span> 
     </span>
     <span class='ocr_line' id='line_1_26' title="bbox 463 4557 1333 4651; baseline -0.002 -21"><span class='ocrx_word' id='word_1_148' title='bbox 463 4558 583 4630; x_wconf 87' lang='lat' dir='ltr'>Nubilis</span> <span class='ocrx_word' id='word_1_149' title='bbox 602 4557 772 4628; x_wconf 77' lang='lat' dir='ltr'>Abrahami</span> <span class='ocrx_word' id='word_1_150' title='bbox 790 4559 924 4640; x_wconf 79' lang='lat' dir='ltr'>subeles</span> <span class='ocrx_word' id='word_1_151' title='bbox 945 4579 1024 4651; x_wconf 92' lang='lat' dir='ltr'>quae</span> <span class='ocrx_word' id='word_1_152' title='bbox 1043 4568 1197 4651; x_wconf 88' lang='lat' dir='ltr'>temperat</span> <span class='ocrx_word' id='word_1_153' title='bbox 1215 4560 1333 4630; x_wconf 90' lang='lat' dir='ltr'>Orbem</span> 
     </span>
     <span class='ocr_line' id='line_1_27' title="bbox 463 4683 1214 4774; baseline 0 -21"><span class='ocrx_word' id='word_1_154' title='bbox 463 4683 613 4774; x_wconf 68' lang='lat' dir='ltr'>imperim</span> <span class='ocrx_word' id='word_1_155' title='bbox 634 4693 735 4752; x_wconf 88' lang='lat' dir='ltr'>mater</span> <span class='ocrx_word' id='word_1_156' title='bbox 754 4703 821 4754; x_wconf 88' lang='lat' dir='ltr'>sese</span> <span class='ocrx_word' id='word_1_157' title='bbox 838 4684 911 4754; x_wconf 88' lang='lat' dir='ltr'>hine</span> <span class='ocrx_word' id='word_1_158' title='bbox 929 4683 1071 4754; x_wconf 90' lang='lat' dir='ltr'>Hebraea</span> <span class='ocrx_word' id='word_1_159' title='bbox 1090 4683 1214 4765; x_wconf 86' lang='lat' dir='ltr'>fatetur,</span> 
     </span>
     <span class='ocr_line' id='line_1_28' title="bbox 463 4807 1357 4902; baseline 0 -23"><span class='ocrx_word' id='word_1_160' title='bbox 463 4808 615 4879; x_wconf 85' lang='lat' dir='ltr'>Ethnieus</span> <span class='ocrx_word' id='word_1_161' title='bbox 634 4807 704 4878; x_wconf 90' lang='lat' dir='ltr'>inde</span> <span class='ocrx_word' id='word_1_162' title='bbox 722 4819 826 4898; x_wconf 91' lang='lat' dir='ltr'>pater;</span> <span class='ocrx_word' id='word_1_163' title='bbox 848 4811 892 4880; x_wconf 86' lang='lat' dir='ltr'>sin</span> <span class='ocrx_word' id='word_1_164' title='bbox 911 4811 1059 4900; x_wconf 89' lang='lat' dir='ltr'>sanguine</span> <span class='ocrx_word' id='word_1_165' title='bbox 1076 4811 1194 4881; x_wconf 86' lang='lat' dir='ltr'>mixtus</span> <span class='ocrx_word' id='word_1_166' title='bbox 1211 4819 1357 4902; x_wconf 88' lang='lat' dir='ltr'>utreque.</span> 
     </span>
    </p>
   </div>
   <div class='ocr_carea' id='block_1_7' title="bbox 0 0 1727 5392">
    <p class='ocr_par' dir='ltr' id='par_1_11' title="bbox 0 0 1727 5392">
     <span class='ocr_line' id='line_1_29' title="bbox 0 0 1727 5392; baseline 0 0"><span class='ocrx_word' id='word_1_167' title='bbox 0 0 1727 5392; x_wconf 95' lang='lat' dir='ltr'> </span> 
     </span>
    </p>
   </div>
  </div>
 </body>
</html>
