3384 5372
949 423 1100 470 tustanus:

973 679 1078 741 LXXV

529 942 588 1011 Hic
606 941 786 1011 leonardus
803 951 883 1022 erat,
904 942 1034 1012 ruhustu
1052 961 1185 1032 corpere
1203 943 1305 1024 mites,

527 1066 627 1137 Marte
645 1067 744 1148 teror,
764 1067 886 1138 fuerant
904 1069 955 1138 cui
975 1067 1062 1138 cordi
1081 1087 1207 1158 semper
1225 1087 1360 1148 amores,

527 1191 675 1262 Laeserat
693 1189 813 1262 ardenti
831 1212 927 1282 quem
944 1213 1007 1262 nen
1026 1191 1123 1262 semei
1142 1191 1215 1280 igne
1234 1188 1369 1280 Cupido,

528 1313 594 1382 lme
612 1314 701 1384 illrum
719 1335 845 1405 semper
863 1315 997 1386 stimulis
1015 1321 1145 1385 vexarat
1163 1312 1298 1384 acerbis.

528 1440 589 1523 Qui
607 1440 668 1510 sibi
684 1440 750 1531 J'am
768 1440 861 1532 longe
880 1461 988 1511 rerum
1006 1449 1207 1532 persuaserat
1225 1459 1287 1509 usu

527 1564 729 1655 Respondere
746 1565 812 1635 suis
829 1585 992 1656 nunquam
1009 1565 1092 1636 bene
1110 1567 1212 1637 sidera
1233 1563 1336 1634 votis:

528 1689 581 1759 Sic
599 1698 703 1760 tamen
721 1689 804 1760 haud
822 1711 953 1781 prorsus
973 1712 1063 1782 spem
1082 1692 1208 1763 dulcem
1226 1693 1351 1784 projicit
1369 1693 1418 1762 iiie

529 1813 603 1884 Fata
622 1833 678 1884 sua
697 1813 728 1883 in
747 1815 861 1884 melius
879 1815 1005 1885 tandem
1024 1824 1142 1887 mutata
1162 1816 1299 1887 videndi.

965 2177 1082 2239 LXXVI

528 2435 611 2506 Huic
630 2437 753 2508 fortuna
772 2439 859 2510 dedit
877 2439 971 2511 celeri
989 2441 1117 2532 vestigia
1136 2461 1230 2531 passu
1318 2405 1326 2418 ι

528 2560 587 2631 Hic
604 2561 752 2654 Ephyrae
771 2562 902 2654 fugitiva
920 2566 1021 2656 sequi,
1042 2565 1254 2655 pulcherrima
1272 2566 1372 2637 forma

527 2685 645 2757 Omnes
663 2708 744 2779 quae
761 2689 901 2771 vincens,
922 2698 995 2760 tunc
1012 2691 1148 2762 vendere
1168 2691 1273 2762 carius
1290 2700 1375 2782 optat

528 2811 619 2896 Quod
637 2821 748 2884 natura
766 2812 851 2883 dedit
869 2816 977 2904 gratis
998 2823 1033 2883 ut
1051 2815 1145 2886 detur
1164 2817 1349 2907 inemptum.

526 2937 756 3028 defatigatus,
775 2958 882 3020 cursu,
902 2947 1007 3010 tamen
1026 2941 1138 3031 inquit,
1157 2941 1305 3011 anhelus:

527 3061 597 3132 Neu
615 3061 708 3132 decet
726 3065 880 3154 ingratam
899 3074 931 3134 te
950 3067 994 3135 sic
1013 3064 1142 3136 eludere
1161 3074 1336 3148 amantem;

527 3184 578 3254 Me
597 3185 654 3256 tibi
669 3185 735 3276 jam
753 3186 854 3270 trade,
873 3188 1018 3279 Nympha
1036 3211 1055 3260 0
1073 3189 1301 3278 pulcherrima:
1321 3189 1411 3281 cujus

528 3309 576 3378 Tu
594 3311 725 3400 rapuisti
743 3313 890 3393 animam,
909 3323 1049 3404 expecta,
1070 3314 1283 3398 blandissima,
1303 3337 1425 3407 cerpus.

958 3671 1088 3736 LXXVH

527 3930 647 4001 Omnes
664 3931 813 4002 currendi
829 3933 988 4024 Nymphas
1005 3932 1093 4004 labor
1112 3933 1171 4004 iste
1189 3933 1307 4026 fatigat,

527 4059 661 4149 Jamque
679 4078 789 4129 omnes
808 4059 888 4130 hosti
907 4079 941 4130 se
959 4060 1133 4150 permisere
1151 4063 1313 4151 sequenti:

526 4185 574 4254 Tu
592 4204 644 4254 me
661 4184 726 4254 sola
744 4185 836 4276 iugis,
858 4195 892 4256 tu
912 4187 976 4256 sola
994 4187 1025 4256 in
1044 4186 1192 4256 saltibus!
1213 4186 1333 4277 Ecquis

525 4308 576 4378 Me
595 4317 648 4378 tua
667 4309 778 4378 sectari
796 4309 928 4400 vestigia
946 4308 1084 4400 prodidit
1101 4309 1208 4380 ultre?

526 4433 559 4502 Si
574 4433 640 4524 jam
658 4442 731 4503 nuta
750 4433 805 4505 tibi
823 4441 872 4503 est
889 4441 1033 4523 perstans
1051 4433 1166 4523 injuria
1185 4433 1288 4515 sertis,

526 4559 613 4643 Quae
631 4579 684 4629 me
701 4559 905 4650 persequitur
923 4558 1043 4628 crudeli
1057 4558 1130 4635 ,dira
1149 4561 1267 4650 rigere,
1315 4655 1319 4662 Ι

524 4682 573 4752 illi
591 4703 629 4752 ne
648 4681 774 4752 credas:
796 4684 919 4752 fortuna
937 4681 1081 4753 volubilis
1099 4691 1195 4764 errat,

525 4807 567 4877 Et
584 4827 636 4876 me
655 4805 769 4877 ridenti
788 4807 970 4879 credentem
989 4828 1094 4898 saepe,
1114 4808 1231 4879 fefellit.
