3384 5370
590 481 679 528 nrnnn
702 483 826 528 neurus

662 739 749 800 CXIV

208 999 259 1068 Sin
279 998 486 1069 Granatensos
505 1001 609 1070 Lusus
627 1001 763 1071 desaevit
781 1002 812 1070 in
831 1002 945 1082 bostos,

208 1122 253 1193 Ut
273 1122 396 1193 turbata
415 1123 504 1193 brevi
524 1125 710 1214 permisceat
728 1127 861 1216 agmina,
883 1127 966 1196 uires

209 1247 357 1338 Dissipet,
378 1258 408 1318 et
427 1258 493 1320 toto
511 1251 563 1320 det
582 1251 681 1320 tristia
700 1251 807 1322 funera
827 1272 953 1344 eampo:

208 1371 275 1441 Non
294 1373 393 1442 virtus
411 1374 569 1464 cuiquam,
589 1396 652 1445 non
671 1397 757 1444 arma
776 1376 934 1446 horrentia
952 1386 1094 1466 prosunt.

209 1495 274 1564 Ceu
291 1517 353 1565 non
372 1497 474 1587 palma
493 1500 566 1568 satis
585 1499 665 1569 foret
684 1499 746 1580 ilia,
767 1509 798 1570 et
816 1510 906 1590 parto
924 1501 1037 1570 minori

209 1619 311 1689 Gloria
329 1621 429 1690 Marte
446 1620 538 1702 soret,
559 1622 699 1693 dextram
717 1631 749 1692 et
768 1625 880 1694 vicisse
897 1625 1031 1715 puderet

207 1744 282 1814 Tam
301 1744 371 1826 nito,
395 1745 527 1814 terribili
547 1748 666 1816 socium
686 1767 752 1818 sese
773 1747 856 1817 addit
874 1748 976 1830 Ibero,

207 1869 334 1939 Maurus
352 1869 453 1939 adbuc
473 1869 556 1939 iretio
574 1871 721 1960 ambiguo
740 1893 835 1962 quem
854 1867 980 1944 distinet
999 1875 1107 1944 nostis.

666 2231 741 2294 CXV

207 2490 319 2581 igneus
336 2491 483 2562 occiduas
498 2493 563 2583 jam
582 2494 716 2586 Tethyos
734 2493 797 2564 ibat
817 2498 848 2562 in
866 2496 966 2564 undas

207 2616 361 2696 Phoebus,
382 2625 413 2686 et
430 2625 590 2688 extremos
607 2639 726 2709 pronus
741 2619 806 2709 jam
825 2639 937 2709 vesper
955 2621 987 2688 in
1005 2641 1089 2702 aneo,

207 2740 254 2812 Ae
271 2742 405 2810 nitidum
424 2742 529 2824 raddo,
550 2752 581 2812 et
600 2743 719 2812 damm
738 2745 864 2813 nomine
883 2744 980 2814 iamne

207 2864 364 2934 Condebat
382 2865 441 2934 sub
460 2876 550 2936 noete
568 2867 662 2947 diem,
683 2866 850 2958 lucemque
870 2867 1006 2958 fugabat.

207 2985 286 3057 Cum
305 2989 486 3058 Maurorum
505 2990 588 3059 aries
607 3011 803 3081 numeroque
822 3000 852 3060 et
870 2992 992 3062 viribus
1010 2995 1131 3082 ingens,

206 3113 379 3184 Succubuit
397 3135 509 3203 regum
528 3115 637 3184 validis
655 3115 776 3186 devicta
794 3117 853 3186 sub
871 3119 981 3198 armis;

205 3235 296 3327 lsqne
315 3237 504 3322 turorbeili,
526 3240 599 3309 totis
617 3259 653 3310 eo
672 3240 779 3310 funera
797 3243 928 3331 campie,

206 3361 249 3432 Ut
266 3363 377 3432 similis
395 3362 480 3432 nullo
499 3375 693 3434 memoretur
712 3375 854 3455 tempore
873 3365 987 3436 clades.

583 3695 589 3710 '
658 3725 746 3787 extu

205 3985 375 4056 Caesorum
394 3987 452 4056 boc
471 3987 565 4076 triplo
585 3990 684 4057 maior
704 3990 759 4058 tuit
777 4010 915 4078 aetproro
934 3989 1047 4066 eludes,

203 4109 306 4191 Edita,
328 4132 423 4201 quam
442 4112 536 4182 suerit
554 4113 652 4182 biario
671 4113 750 4183 duee
768 4114 900 4183 cimbria
919 4116 1039 4184 caeder.

202 4233 282 4304 Cum
301 4235 492 4305 sitibundam
511 4237 610 4306 aciem
629 4237 714 4306 rivos
730 4237 858 4307 haurire
877 4248 1023 4309 cruentos

202 4357 372 4449 Compulit,
394 4361 494 4430 otioso
513 4381 592 4451 quos
610 4363 759 4451 sanguine
778 4363 912 4432 tinxerat
930 4362 1038 4432 bostis.

202 4483 319 4552 Saeviit
338 4484 389 4553 ille
407 4487 522 4565 minus,
543 4486 627 4555 vires
646 4487 700 4576 qui
719 4487 860 4556 contudit
878 4487 977 4569 urbia,

202 4606 335 4688 Poenae,
357 4609 396 4677 ab
415 4609 522 4680 innato
541 4612 721 4700 compulsus
740 4613 771 4679 in
791 4633 877 4680 arma
896 4612 1013 4690 furore,

204 4734 311 4817 Quum
330 4734 425 4802 vineit
445 4734 543 4814 sortis,
563 4736 712 4825 praedam
727 4744 906 4825 tantamque
926 4745 1074 4824 reportat,

204 4861 349 4930 ¹innotus
365 4871 400 4930 ut
419 4871 525 4930 ternos
544 4860 663 4930 modios
681 4861 825 4951 imploret
843 4861 1008 4949 equestris.
