3394 5372
506 1341 901 1467 rtusmmn
947 1285 950 1292 ‘

532 1875 646 1952 ‚urnun
665 1873 832 1932 summus
934 1951 940 1968 .

209 2471 342 2561 Jamque
361 2471 470 2540 datum
488 2471 603 2540 nostris
621 2472 748 2542 tandem
765 2473 944 2561 contingere
962 2482 1090 2551 terram,

207 2596 295 2680 Quae
315 2601 360 2665 tut
378 2604 446 2665 erat
465 2597 623 2687 quondam
641 2597 798 2686 precibus
818 2599 964 2685 votisque
982 2599 1093 2687 petita:

206 2720 358 2811 Quaeque
376 2719 443 2790 ludi
461 2721 545 2791 Ecns
562 2722 682 2792 inclusa
700 2721 864 2811 interiacet
882 2741 990 2792 amnes

206 2845 247 2914 Et
264 2844 392 2934 Gangis,
414 2845 468 2934 qui
487 2845 566 2917 coeli
581 2844 677 2933 jactat
695 2846 854 2916 terrestris
871 2846 1017 2916 honores

205 2969 262 3038 Eia
282 2989 352 3059 age,
374 2969 523 3040 Mavortis
540 2969 651 3040 studiis
671 2991 749 3061 gens
767 2970 881 3051 dedita,
900 2970 976 3040 belli

204 3092 375 3163 Victricem
393 3113 474 3182 quae
492 3092 575 3164 ferre
593 3094 683 3185 cupis
703 3095 874 3164 certamine
892 3093 1039 3184 palmam,

204 3217 348 3307 Tangere
364 3216 429 3306 jam
453 3226 564 3307 portus
582 3219 681 3300 licuit,
699 3219 764 3308 jam
782 3237 911 3302 cernere
933 3238 1040 3287 curam

161 3347 170 3356 “
206 3341 338 3410 Terram
357 3340 473 3442 divitiis
490 3313 680 3432 numentum,
701 3362 840 3433 aureque
859 3343 1018 3412 refertam.

206 3966 336 4044 Tecum,
358 3965 524 4055 progenies
542 3965 656 4056 loquor
673 3985 692 4032 ο
711 3965 879 4034 fortissima
899 3964 985 4042 Lusi,

206 4089 264 4160 Cui
283 4099 345 4159 tam
364 4109 461 4179 parva
479 4090 564 4160 orbis
584 4110 656 4180 pars
675 4090 803 4178 contigit
823 4109 901 4168 esse,
922 4107 982 4156 nec
1007 4088 1095 4157 urbis

204 4212 262 4282 Est
280 4213 395 4286 dixisse
412 4213 497 4294 satis,
519 4233 630 4282 verum
648 4221 679 4282 et
698 4221 762 4282 tam
780 4232 898 4303 parvus
916 4211 1007 4281 critis

206 4337 290 4406 Grex
309 4337 435 4408 Christo
453 4337 529 4417 cari,
548 4337 668 4407 domini
686 4344 854 4427 praecepta
873 4335 1017 4405 colentis:

204 4461 334 4544 Tecum,
354 4462 438 4532 nulia
456 4469 562 4532 vetant
579 4482 676 4553 quem
694 4481 755 4532 ncn
772 4460 866 4531 modu
886 4459 1014 4529 vulnera
1032 4460 1125 4528 sortis

206 4586 319 4657 infidas
337 4589 600 4678 superaremus,
621 4587 817 4679 populusque
834 4585 991 4676 profanos,

206 4712 270 4782 Sed
288 4731 345 4781 nec
363 4732 451 4781 sacra
469 4711 565 4782 fames
583 4712 664 4792 auri,
686 4720 871 4800 sanctaeque
890 4719 1038 4798 negatum

205 4835 401 4927 Obsequium
419 4836 521 4916 Matri,
540 4835 664 4924 superis
682 4855 762 4927 quac
781 4842 888 4924 regnat
908 4837 938 4902 in
957 4834 1060 4903 astris.
