3384 5372
907 383 1060 432 tuscanae

899 637 901 641 ’
939 640 1045 704 LXXV

486 901 559 971 Mor
579 921 659 992 quae
677 903 740 971 sint
758 923 795 973 ea
812 904 880 972 visa
899 913 1002 994 rogam
1023 903 1077 973 sed
1096 902 1195 972 Gama
1214 904 1356 994 quiescat

487 1024 569 1095 Ante
587 1034 712 1110 monet,
725 1027 893 1118 sedeatque
912 1027 1011 1116 prius,
1031 1031 1094 1118 quo
1113 1029 1224 1118 pocula
1242 1039 1349 1118 gratae

478 1150 581 1222 ,Plena
599 1152 779 1242 voluptatis,
800 1171 893 1242 quam
912 1151 1037 1242 deperit
1056 1153 1198 1244 improba
1217 1162 1320 1224 sectae

488 1277 572 1347 Gens
589 1277 795 1367 Epicuraeae,
816 1275 884 1346 iuso
902 1275 1049 1366 degustet
1069 1277 1188 1348 iaccho.

486 1401 661 1472 Effundunt
679 1401 793 1470 laetum
812 1403 986 1490 spumantia
1007 1421 1077 1470 vasa
1095 1400 1261 1492 liquorem,

487 1526 590 1610 Quem
609 1535 698 1615 pater
717 1526 877 1595 inventum
896 1525 961 1596 Noe
980 1525 1067 1615 prior
1086 1526 1188 1596 intulit
1205 1525 1293 1609 orbi3

488 1651 643 1720 Etlmiros
661 1659 707 1719 ast
725 1651 843 1740 epulas,
863 1652 1061 1741 pretiosaque
1081 1653 1152 1720 rina
1169 1661 1305 1732 recusat,

488 1774 623 1844 Smnere
641 1795 714 1844 nam
732 1772 852 1864 rigidae
870 1775 950 1863 legis
968 1783 1132 1864 praecepta
1149 1774 1306 1845 vetabant.

921 2133 1038 2196 LXXV!

488 2395 557 2462 iam
577 2393 662 2470 tulta,
683 2413 775 2484 quae,
794 2394 879 2483 pacis
897 2394 945 2462 rel
960 2404 1120 2485 tempore,
1140 2395 1255 2487 praelia
1272 2399 1369 2466 menti

488 2517 615 2608 Objicit,
635 2528 666 2589 at
684 2521 790 2608 specie
808 2528 941 2599 tantum,
963 2518 1033 2590 ferit
1051 2525 1123 2590 aira
1142 2521 1251 2602 ssatu;‘

488 2643 584 2712 Foeta
603 2643 667 2733 igni
686 2651 854 2723 tonnenta,
873 2643 961 2712 ferox
981 2663 1060 2733 (quac
1079 2644 1197 2714 invexit
1214 2645 1363 2736 Erinnys,
1408 2729 1415 2741 ἡ
1482 2719 1487 2744 ,

487 2767 683 2856 Responsant
700 2767 820 2857 procul,
842 2766 913 2836 indo
933 2767 1003 2836 freti
1022 2769 1197 2838 resonantia
1217 2768 1322 2838 drudo.

487 2891 640 2961 Observat
659 2894 771 2961 taritus
790 2902 900 2961 cuncta
919 2894 1077 2975 ethnicum
1098 2894 1181 2964 haud
1201 2904 1304 2964 tamen
1324 2895 1367 2963 ilii

488 3015 612 3084 Excidit
631 3016 681 3085 illa
699 3017 786 3106 prior
805 3017 926 3107 specics
944 3015 1065 3106 objecta
1083 3019 1237 3098 virormn,

488 3143 631 3224 erorum
649 3141 729 3210 clara
749 3141 835 3210 videt
853 3142 1006 3232 descripta
1026 3142 1057 3210 in
1075 3143 1210 3232 imagine
1229 3151 1327 3232 gesta,

489 3268 575 3349 Quae
595 3266 699 3337 taranta
718 3267 778 3337 sibi
795 3288 888 3338 nosse
906 3268 994 3338 hreni
1013 3267 1066 3337 dat
1083 3277 1171 3338 muta
1189 3268 1302 3358 poesis.

918 3627 1043 3689 txxvtt

488 3891 608 3978 Surgit,
629 3891 726 3957 (lama
748 3889 852 3969 simoi,
874 3909 1042 3978 congressu
1062 3889 1160 3959 laetos
1178 3899 1324 3980 uterque.

415 4005 421 4010 ⁵
488 4015 613 4085 sitellus
633 4016 728 4084 latere
747 4035 785 4084 cx
804 4016 876 4094 aiio,
897 4024 957 4085 stat
976 4035 1105 4084 rrraurus
1123 4015 1239 4107 ibique.

488 4140 575 4209 Tunc
594 4140 704 4210 oculos
723 4138 830 4209 Catual
851 4141 989 4231 spirante
1009 4143 1040 4209 in
1059 4140 1195 4228 imagine
1213 4141 1281 4230 figit

486 4265 627 4356 Egregii,
648 4266 780 4353 canique
799 4265 881 4334 senis
899 4265 1087 4335 venerabilis
1106 4285 1173 4346 ore,

481 4391 585 4481 vCujus
603 4390 686 4458 mdia
707 4400 826 4480 queunt
845 4391 952 4460 delere
972 4391 1085 4460 oblivia
1104 4411 1229 4472 nomen,

487 4514 571 4581 lium
588 4515 693 4582 vivant
711 4514 865 4594 homines,
886 4515 1080 4606 animosque,
1101 4525 1132 4584 et
1151 4515 1277 4584 foedera
1292 4515 1439 4605 jungant:

486 4639 601 4706 Forma
619 4639 734 4708 docens
752 4639 878 4708 habitos
897 4660 1010 4730 graeco
1029 4649 1077 4710 ost
1096 4639 1282 4709 nitidissima
1301 4639 1397 4719 cuitu,

487 4761 527 4830 Et
546 4761 654 4830 dextra
674 4782 797 4832 ramum
816 4763 1013 4844 viridantem,
1036 4763 1169 4854 insigne,
1190 4765 1330 4854 gerebat.
