3384 5372
575 525 663 571 iluna
685 523 817 572 DECIMUS

653 781 745 845 xxiv

198 1045 265 1114 lluc
284 1043 399 1114 iaciunt
417 1063 519 1134 reges,
539 1043 652 1113 blanda
671 1044 834 1115 dulcedine
853 1047 932 1137 capti

197 1169 267 1238 Oris
284 1177 315 1237 et
333 1167 462 1258 eloquii,
482 1167 603 1257 species
622 1187 702 1258 quos
720 1167 795 1237 lallit
815 1169 929 1238 inanis:

197 1291 252 1360 Sic
270 1291 344 1362 dant
362 1311 444 1381 quae
461 1291 580 1360 memit
598 1291 712 1382 pugnis
730 1291 918 1361 fortissimus
936 1292 1014 1382 djax

198 1415 341 1516 mnemia
359 1414 557 1506 dulciloquae
574 1415 700 1504 linguae
719 1416 847 1506 pellacis
864 1415 981 1506 Ulyssi.

196 1540 268 1611 Non
286 1541 415 1630 impune
434 1549 541 1610 tamen
560 1541 776 1612 contemnitur
794 1542 908 1630 inclyta
926 1543 1047 1624 virtus;

196 1663 331 1734 Divitiae
349 1664 433 1734 baud
450 1673 594 1755 prosunt,
614 1685 731 1755 magno
749 1685 848 1757 quum
866 1674 959 1755 turpe
976 1674 1088 1754 negata

196 1789 328 1860 lllunera
346 1789 442 1879 digna
460 1789 530 1858 viro
549 1789 603 1879 qui
622 1788 711 1858 duris
730 1788 820 1858 sudat
839 1789 996 1869 inarmis,

197 1911 322 2003 Accipit
340 1921 514 1983 assentator
533 1913 638 2002 iniqua
657 1921 764 2002 gratus
782 1915 812 1981 in
832 1913 911 1982 aula.

651 2272 734 2333 xxv

196 2535 242 2604 Tu
263 2554 376 2624 magne
394 2535 454 2604 boc
471 2555 598 2625 semper
616 2534 786 2624 culpabere
805 2535 950 2612 crimine,
971 2534 1132 2623 Princeps,

196 2659 225 2730 A
243 2680 306 2749 quo
324 2659 374 2729 vir
393 2667 496 2729 tantus
513 2660 694 2730 mercedem
712 2680 774 2729 non
794 2659 873 2729 leret
892 2678 1044 2749 aequam:

195 2785 255 2865 Tu,
274 2784 352 2866 Rex,
371 2803 434 2852 non
453 2783 567 2854 tribuis
585 2793 649 2853 tam
667 2783 765 2854 clarae
784 2783 924 2873 praemia
943 2781 1042 2864 laudi;

194 2907 250 2979 llle
267 2908 323 2978 tibi
342 2907 455 2989 trudet,
474 2908 627 2999 privatus,
647 2908 752 2978 nobile
771 2907 919 2997 regnum!

184 3033 280 3125 ,Dum
298 3034 388 3104 Titan
406 3034 511 3104 nitidis
530 3034 627 3104 radiis
645 3033 855 3104 circumdabit
873 3033 996 3113 orbem,

193 3157 275 3250 (Hoc
292 3178 363 3228 mea
379 3157 519 3228 veridico
538 3158 690 3248 praedicit
709 3158 849 3228 carmine
866 3156 969 3248 Musa)

193 3281 285 3351 lllum
304 3283 385 3352 inter
403 3291 511 3372 gentes
529 3282 649 3352 attollet
667 3282 705 3352 ad
725 3282 851 3352 aethera
870 3282 963 3362 lama,

194 3405 305 3497 Tuque
323 3407 414 3477 illum
431 3426 593 3497 spernens,
614 3407 739 3487 merito,
759 3406 875 3475 diceris
894 3426 1018 3474 auarus.

643 3763 735 3826 xxvi

191 4033 362 4122 Pro-regis
381 4029 484 4111 titulo,
504 4029 631 4098 decorat
648 4045 744 4118 quem
762 4046 873 4115 magua
892 4034 1041 4116 potestas,

190 4158 274 4227 Ecce
292 4155 372 4225 alius
388 4154 504 4234 veniet,
526 4169 697 4243 secumque
717 4151 747 4218 in
766 4149 883 4240 praelia
902 4156 1012 4218 natum

191 4282 305 4361 Ducet,
324 4278 522 4370 praeclarum
540 4277 649 4347 martis
668 4274 834 4365 pelagique
853 4274 990 4362 periclis;

192 4406 250 4478 Cui
269 4405 385 4476 similes
404 4423 522 4494 paucos
540 4402 648 4494 genuit
667 4400 819 4470 mavortia
838 4400 947 4468 Roma.

190 4531 339 4601 Armatae
358 4528 461 4599 valido
480 4527 674 4620 populabunt
692 4524 808 4594 robore
828 4507 957 4594 dextrae

190 4657 349 4740 Qudnam,
368 4655 444 4724 Eois
461 4653 584 4724 lelicem
602 4650 775 4732 mercibus,
795 4649 898 4729 ambo,

190 4780 232 4850 Et
249 4781 358 4851 mitem
377 4786 514 4850 statuent
531 4795 652 4866 regem,
672 4775 828 4866 sociisque
844 4772 983 4854 fidelem,

191 4903 320 4974 Crudeli
338 4902 469 4992 expulso
485 4900 646 4990 infidoque
663 4919 703 4968 ex
721 4898 800 4968 urbe
818 4907 961 4988 tyranno.
