3394 5372
925 477 1079 526 nvsmume
1158 505 1160 512 -

963 733 1051 796 Llllll

507 996 630 1086 Agmen
649 995 830 1078 femineum,
849 997 944 1067 solari
963 997 1076 1067 ardore
1094 1004 1268 1088 perustum,

507 1122 646 1192 Insidens
664 1121 756 1191 lentis
775 1124 917 1212 graditur
936 1142 993 1213 per
1011 1123 1114 1192 littora
1133 1121 1249 1203 bobus;

507 1247 592 1330 Quos
611 1245 770 1336 praeferre
789 1245 889 1316 solent
908 1225 1030 1316 eunetis
1048 1245 1235 1316 animalibus
1254 1246 1310 1327 illi,

507 1369 696 1440 Posthabitis
714 1371 782 1440 aliis
801 1370 892 1462 queis
910 1391 968 1440 nos
987 1371 1087 1460 magis
1102 1370 1240 1456 utimur:
1261 1381 1331 1461 apta

507 1494 603 1564 Silvis
620 1503 807 1584 argumenta
824 1503 948 1575 canunt,
969 1515 1026 1564 ceu
1045 1493 1115 1583 lege
1133 1494 1245 1574 soluta,

507 1619 580 1687 Sive
600 1617 703 1708 ligata,
725 1637 781 1686 sua
800 1615 914 1687 blande
934 1618 1108 1688 resonantia
1126 1617 1246 1708 lingua:

507 1742 633 1811 llustioa
652 1743 697 1812 sio
715 1743 802 1811 tenui
820 1742 1022 1812 modulantur
1039 1743 1177 1812 earmina
1195 1762 1302 1820 avena,

507 1867 600 1938 ..lrvis
618 1877 653 1936 ut
672 1867 755 1937 latiis
773 1866 901 1937 ludebat
920 1867 1048 1957 Tityrus
1066 1867 1151 1937 olim.

960 2225 1047 2288 lxlv

508 2489 574 2568 Sic,
594 2489 708 2559 bilares
727 2489 827 2568 vultu,
847 2489 1022 2560 certissima
1042 2491 1128 2580 signa
1148 2487 1301 2558 dedorunt

508 2614 667 2694 Laetitiae,
687 2612 822 2710 bospitio
842 2633 876 2682 aa
894 2633 950 2682 nos
968 2633 1120 2704 aooepere
1137 2613 1289 2704 benigno:

507 2737 666 2808 Mercibus
684 2737 742 2807 bos
761 2738 876 2807 nostris
894 2757 966 2806 mox
986 2737 1195 2818 invitavimus,
1215 2737 1268 2807 illo

509 2861 645 2930 Gallinas
663 2863 778 2952 pretio,
798 2863 994 2952 pinguesque
1013 2862 1191 2952 accepimus
1210 2880 1320 2950 agnos:
1389 2937 1395 2948 ,

508 2984 572 3054 Sed
588 2995 755 3076 postquam
774 2987 805 3054 in
824 2988 941 3076 populo
961 2987 1035 3056 socii
1054 2983 1241 3054 commercia
1259 2984 1384 3074 linguae

508 3109 577 3178 Non
595 3107 659 3178 ulla
677 3108 850 3191 inveniunt,
871 3111 990 3180 nvdlum
1009 3109 1145 3199 regionis
1164 3109 1249 3178 ane

507 3231 659 3302 lndioium
677 3243 831 3323 optatum,
850 3233 980 3324 plaoidis
998 3233 1222 3302 oommitlimus
1240 3233 1325 3302 auris
1400 3273 1406 3286 =

508 3355 644 3427 Carbasa
662 3358 836 3438 eonlestim,
856 3367 887 3427 et
905 3356 983 3426 finos
1001 3357 1202 3426 convellimus
1218 3377 1328 3428 unoos

966 3715 1042 3778 LXV

509 3981 566 4051 llio
584 3981 661 4050 adeo
680 3979 797 4070 ingenti
816 3978 1137 4050 eiroumlustravimus
1155 3999 1227 4048 oras

508 4105 664 4176 Girouitu:
685 4104 801 4193 libyae
820 4105 865 4173 sio
885 4104 965 4173 radit
984 4103 1086 4174 littora
1106 4103 1226 4183 elassis,

506 4229 743 4320 'Ardentemque
761 4232 876 4300 iterum
895 4227 1056 4318 repetebat
1076 4229 1193 4298 lorvida
1212 4238 1327 4298 metam

506 4355 639 4443 Jamque
658 4353 721 4442 poli
739 4353 857 4434 medio;
878 4353 1032 4443 longeque
1051 4353 1223 4443 reliquerat
1241 4353 1409 4436 Austrum

507 4479 675 4569 linquitur
693 4487 724 4548 et
742 4489 828 4548 retro
846 4499 941 4569 parva
959 4477 1072 4558 insula,
1093 4477 1169 4567 lysia
1187 4479 1293 4548 classis

507 4605 609 4688 Quam
627 4604 715 4694 prior
733 4604 888 4692 attigerat,
909 4603 1095 4692 perquirens
1114 4623 1208 4672 ourva
1228 4622 1287 4692 per
1305 4601 1403 4672 undas

508 4728 587 4799 Oras
605 4727 733 4798 tervilioi
753 4726 881 4816 Capitis,
902 4747 965 4816 quo
983 4727 1090 4796 territa
1111 4729 1187 4807 viso,

456 4888 461 4894 ·
508 4851 664 4930 Constitit,
685 4861 777 4941 atque
796 4850 849 4919 illo
868 4851 999 4940 signavit
1018 4849 1117 4920 limite
1137 4871 1275 4920 cursum.
1366 4875 1371 4890 ·
