3440 5392
193 1023 234 1102 ln
260 1048 377 1128 opere⁸
393 1025 447 1102 cui
476 1022 613 1102 titulus:
632 1023 841 1104 Bibliotheca
865 1023 1024 1130 llispono
1046 1025 1158 1116 Nouo,
1183 1025 1320 1119 Matriti,

116 1161 466 1242 induruerunt,
488 1173 567 1253 pag.
589 1147 784 1241 tto-tta,
807 1147 893 1226 haec
918 1149 962 1227 de
988 1149 1045 1227 Fr.
1066 1151 1253 1229 Francisco
1278 1150 1322 1228 de

20 1289 21 1294 ‘
117 1271 151 1351 S.
172 1271 373 1374 Augustino
388 1273 533 1355 Macedo
551 1272 742 1352 habentur:

201 1397 262 1474 «F.
271 1397 480 1476 Franciscus
489 1397 645 1488 Macedo,
657 1397 857 1491 Lusitanus,
867 1396 1172 1492 Conimbricensis,
1182 1399 1239 1477 rin
1249 1425 1330 1476 ma·-

68 1555 72 1566 ·
114 1521 169 1625 jor
186 1521 291 1600 annis
311 1520 520 1600 Societatem
539 1522 718 1625 ingressus
730 1521 952 1616 lesuitarum,
967 1522 1003 1600 in
1017 1547 1059 1601 ea
1077 1522 1196 1628 plures
1211 1549 1322 1601 annos

118 1648 259 1738 mansit,
277 1673 356 1726 cum
370 1645 588 1740 rhetoricam,
604 1659 675 1724 tum
694 1645 948 1752 philosophiam
960 1660 994 1726 et
1008 1646 1176 1726 rationem
1189 1661 1322 1752 tempo-

118 1797 203 1861 rum,
225 1770 292 1849 hoc
313 1783 376 1863 est,
398 1769 666 1873 chronologiam,
688 1769 829 1862 docens,
849 1769 958 1848 multa
979 1771 1181 1850 eruditionis
1200 1784 1234 1849 et
1258 1770 1325 1850 elo

120 1895 285 2000 quentiae
301 1921 340 1974 ac
358 1897 514 2000 poeticae
528 1893 701 1974 facultatis
720 1894 822 1974 lama.
838 1895 927 1974 llino
942 1908 1058 1974 tamen
1073 1897 1109 1975 in
1124 1895 1322 1975 sodalitium

119 2019 433 2098 Francisoanorum
458 2018 602 2098 fratrum
622 2045 659 2098 se
678 2018 870 2113 conseram,
890 2020 1137 2126 Franciscique
1157 2048 1178 2099 a
1197 2019 1325 2100 Sancto

119 2143 315 2246 Augustino
333 2143 476 2222 Macedo
495 2169 621 2222 nomen
638 2168 722 2248 prae
746 2169 784 2222 se
802 2142 927 2237 ferens,
944 2169 985 2222 ea
1003 2159 1159 2250 tempora
1178 2145 1325 2250 adeptus

123 2281 173 2346 est
198 2293 290 2373 quae
316 2267 548 2346 calamitatem
574 2267 656 2347 belli
681 2267 898 2372 politicarum
917 2293 1033 2347 rerum
1057 2270 1094 2348 in
1113 2268 1325 2371 Portngallia

124 2391 424 2470 commutationem
451 2391 659 2496 subsequuti
681 2393 899 2486 invexerunt,
919 2391 1016 2494 cujus
1038 2406 1136 2471 aestu
1159 2392 1326 2499 abreptus

124 2528 155 2594 et
179 2516 256 2620 ipse
281 2538 354 2594 non
377 2516 413 2593 in
439 2515 567 2618 Anglia
592 2516 715 2609 solum,
737 2515 801 2594 sed
824 2529 858 2594 et
881 2517 917 2593 in
936 2513 1059 2609 Gallia,
1080 2517 1179 2594 lateri
1207 2543 1326 2596 eorum

124 2639 317 2718 adhaerens
333 2640 393 2743 qui
408 2639 650 2743 Brigantinum
663 2639 807 2734 Ducem,
822 2641 940 2744 llepem
958 2639 1219 2736 reoootr'otom¹,
1232 2641 1325 2747 apud

124 2789 181 2842 eos
205 2765 322 2868 Reges
344 2763 543 2856 tuebantur,
561 2825 569 2839 .
587 2825 620 2842 ..
643 2763 837 2867 legatorum
863 2763 992 2843 honore
1019 2765 1207 2870 conspicui,
1235 2764 1326 2843 hanc
1443 2819 1445 2822 .

124 2914 263 2968 cansam
284 2915 368 2992 voce
386 2900 420 2966 et
439 2887 576 2993 scriptis
595 2913 794 2994 promovere
814 2915 885 2968 non
904 2887 1044 2967 destitit.
1066 2889 1211 2967 Parisiis
1231 2889 1322 2967 edito

124 3012 395 3118 propagatore,
417 3011 720 3118 lusitano-pollice
741 3012 888 3118 aliisque
907 3011 1011 3115 hujus
1030 3013 1236 3116 argumenti.
1257 3013 1325 3093 Ro·

123 3164 197 3216 mae
221 3137 362 3216 demum
389 3137 546 3232 tradidit,
565 3137 791 3244 urbanasque
816 3152 889 3217 tum
914 3137 1132 3232 habitationi,
1152 3149 1225 3218 tum
1249 3163 1325 3243 pro·

125 3261 277 3354 lessioni,
293 3275 434 3365 vegetae
454 3260 569 3378 adhuc
587 3263 775 3341 senectutis
794 3261 935 3356 fructus,
956 3262 993 3340 in
1012 3261 1166 3366 Collegio
1185 3262 1326 3343 Urbano

125 3385 166 3464 de
184 3387 417 3492 Propaganda
433 3385 520 3465 Fide
535 3385 694 3465 addictus
713 3385 905 3492 polemicae
922 3386 1116 3490 theologiae
1136 3386 1325 3480 docendae,

125 3536 166 3588 ac
190 3510 398 3590 necessariis
425 3509 613 3605 exhibitus,
640 3511 853 3616 insuperque
880 3511 916 3589 in
943 3511 1099 3590 Romano
1129 3510 1326 3617 Sapientiae

125 3633 310 3740 Gymnasio
327 3635 490 3714 cathedra
504 3649 647 3715 ornatus
662 3635 924 3715 Ecclesiasticae
940 3636 1124 3729 Historiae,
1139 3635 1327 3740 Sanctiqno

125 3758 380 3839 Officii'rensor
397 3759 589 3862 theologus.
609 3759 779 3839 Acumine
799 3747 1146 3862 ingenii,'memoriae
1165 3785 1329 3864 praesen·

125 3885 183 3978 tia,
202 3883 461 3989 multarumque
480 3883 739 3989 disciplinaram
758 3883 948 3989 praestanti
969 3883 1161 3963 eruditione
1177 3882 1327 3963 clarissi-

125 4035 219 4088 mum
242 4009 374 4088 Romae
392 4008 542 4089 vidimus
566 4007 731 4114 majorem
758 4009 1038 4114 septuagenario,
1057 4008 1326 4115 priusquamad

126 4133 326 4212 Patarinam
346 4131 538 4236 theologiae
557 4158 629 4238 qua
646 4159 740 4212 nunc
759 4159 828 4238 quo
856 4146 1008 4239 ternpore
1034 4133 1120 4212 haee
1144 4133 1328 4220 scribimus

127 4257 311 4372 detinetur,
331 4257 581 4363 professionem
600 4271 680 4336 ante
699 4257 879 4337 biennium
895 4272 1056 4337 evocatus
1076 4257 1209 4351 luisset,
1230 4257 1330 4336 libris

128 4395 242 4462 tamen
268 4381 383 4462 adhuc
401 4382 613 4476 immersum,
634 4395 667 4460 et
693 4381 924 4486 procudendis
943 4382 1016 4460 suis
1040 4382 1273 4460 monumentis
1295 4382 1329 4459 in

206 4683 216 4724 ¹
232 4683 290 4745 Hoc
311 4683 370 4745 loco
389 4685 444 4746 tria
459 4643 506 4746 airt
519 4693 641 4766 quatuor
656 4683 741 4746 rerba
756 4682 861 4747 Nicolai
878 4685 988 4747 Antonii
1001 4684 1077 4766 justa
1092 4683 1125 4744 de
1141 4701 1226 4746 cansa
1240 4695 1330 4746 muta·

129 4799 226 4845 umus.
285 4805 290 4815 ·
