3394 5372
895 440 1052 488 nrsrnnnn

930 699 1016 761 xum

475 967 560 1035 Haeo
578 975 624 1035 est
643 963 706 1045 iiia,
727 963 781 1034 diu
801 981 897 1052 quam
914 961 1076 1052 qnaeritis,
1098 961 1201 1030 indiea
1221 962 1324 1040 telius,

473 1089 599 1159 inventa
618 1097 666 1158 est
683 1086 792 1157 vobis:
812 1086 906 1156 datur
925 1086 1005 1154 bano
1024 1105 1193 1176 agnoscere
1212 1085 1347 1154 tandem.

474 1215 506 1282 Si
525 1213 634 1282 mundi
654 1213 729 1281 satis
746 1211 817 1290 boo,
839 1211 920 1280 rotis
937 1229 995 1278 nee
1014 1210 1140 1280 tenditis
1159 1209 1253 1288 ultra,

474 1339 534 1407 Hie
552 1339 646 1406 vestri
665 1356 787 1415 corsus,
807 1334 956 1424 longique
975 1344 1022 1403 est
1041 1343 1124 1404 meta
1143 1332 1268 1402 laboris.

473 1462 532 1531 Hie
550 1479 584 1531 se
603 1461 701 1530 Gama
720 1462 831 1549 nequit
850 1459 953 1528 studio
972 1458 1112 1528 fervente
1131 1467 1249 1536 tenere,

474 1586 636 1667 Exultaus,
658 1585 742 1676 qodd
760 1585 826 1654 an
844 1583 929 1654 videt
944 1585 1009 1674 jam
1028 1583 1132 1653 littora
1151 1583 1253 1654 nosoi:

476 1709 585 1778 Genua
603 1728 676 1779 mon
695 1707 803 1788 sseetit,
823 1707 953 1778 tendens
971 1707 1010 1776 ad
1028 1706 1130 1776 sidera
1149 1707 1278 1796 palmas,
1397 1687 1401 1695 ¹

477 1832 536 1903 Dat
554 1834 682 1903 meritas
700 1832 831 1922 Superis
849 1851 961 1922 magno
980 1851 1038 1920 pro
1056 1850 1187 1900 munere
1206 1838 1322 1919 grates.

928 2189 1017 2252 xdtv

480 2453 555 2522 Jure
574 2451 667 2520 dabat
686 2461 790 2541 grates
809 2452 955 2542 Superis;
976 2471 1048 2520 nam
1067 2471 1128 2520 non
1147 2471 1184 2520 ea
1202 2452 1304 2520 solum

480 2579 597 2646 Littera
614 2576 839 2656 monstrabant,
861 2584 946 2646 tanto
966 2577 1106 2666 quaesita
1123 2577 1246 2656 timore,

478 2703 650 2792 Expectata
667 2711 766 2780 metu,
787 2720 882 2790 quam
900 2710 1029 2790 propter
1048 2700 1126 2770 inire
1144 2701 1267 2769 riarum

480 2827 538 2895 Tot
556 2827 657 2916 potuit
675 2825 785 2906 denus
807 2835 839 2895 et
856 2834 902 2894 tot
919 2825 1061 2914 perterre
1078 2824 1215 2904 labores;

373 2949 377 2960 ’
481 2951 544 3020 Sed
562 2951 667 3020 subito
685 2950 787 3019 mediat
806 2958 951 3040 ereptum
970 2970 1003 3018 se
1022 2959 1123 3018 morte
1141 2948 1266 3017 videbat

482 3075 551 3144 Jam
568 3094 667 3163 prope
686 3073 854 3164 praesenti,
875 3073 978 3142 rabies
997 3092 1091 3162 quam
1110 3072 1178 3141 dira
1197 3072 1324 3161 parabat

481 3197 665 3278 Ventorum,
687 3207 718 3266 et
737 3197 885 3267 ferventis
905 3206 992 3266 atrox
1011 3197 1127 3266 insania
1146 3198 1242 3286 ponti,

481 3323 641 3414 Tanquam
660 3324 713 3412 qui
732 3323 833 3412 surgit
851 3333 1003 3393 nocturno
1021 3323 1153 3392 horrore
1172 3321 1302 3392 solutus.

940 3683 1016 3745 XCV

483 3945 568 4014 Talia
586 3965 643 4034 per
661 3945 827 4014 metuenda
845 3945 902 4013 ieri
921 3945 1099 4014 discrimina
1117 3947 1215 4035 ponti,

483 4068 701 4158 immanesque
719 4077 832 4148 metus,
853 4068 969 4138 audent
986 4070 1120 4138 tolerare
1138 4069 1260 4138 labores

484 4192 545 4276 Qui
564 4193 694 4283 eupiunt
712 4194 837 4274 tamam,
859 4196 912 4284 qui
932 4203 1054 4284 eaptant
1072 4194 1212 4284 praemia
1229 4193 1340 4274 laudis,

483 4317 525 4389 Et
543 4319 596 4407 qui
615 4325 687 4386 sunt
705 4317 790 4407 digni
808 4337 950 4388 summos
967 4318 1122 4408 attingere
1140 4317 1286 4386 honores.

484 4441 577 4510 Haud
596 4441 743 4530 equidem
762 4442 834 4510 ireti
852 4442 1030 4532 priseorum
1047 4443 1144 4531 stirpe
1164 4449 1329 4530 parentum

484 4565 654 4643 Nobilium,
674 4566 751 4636 tales
770 4567 823 4656 qui
842 4586 876 4636 se
895 4566 994 4636 teeere
1012 4567 1177 4648 merendo;

485 4691 576 4760 Haud
597 4690 692 4760 ebore
710 4691 827 4762 ornatis
845 4691 934 4761 lentis
951 4711 1093 4782 auroque
1112 4691 1271 4774 cubantes

484 4819 569 4888 iuter
588 4835 666 4905 quas
684 4814 793 4883 molles
811 4816 905 4883 mittit
923 4815 1076 4886 Mosoovia
1094 4815 1206 4905 pelles:
