3406 5378
590 479 676 524 11111
695 479 827 526 nausimus

669 735 745 798 CXX

209 994 272 1064 Sed
290 1003 397 1064 tamen
415 994 494 1065 haec
512 995 621 1086 linquo
639 995 727 1067 dubii
746 1017 826 1089 quae
846 998 937 1088 plena
955 1000 1067 1088 pericii
1078 1022 1086 1080 ;

209 1117 308 1200 Nunc,
329 1138 397 1208 age,
419 1119 595 1211 descriptas
614 1121 730 1191 iterum
748 1122 915 1192 redeamus
933 1123 966 1191 in
984 1143 1064 1192 oras.

210 1241 267 1312 Hic
284 1241 362 1312 urbs
381 1245 538 1335 assurgit:
560 1265 622 1314 non
641 1245 734 1336 ionge
754 1267 770 1316 a
789 1246 896 1316 littore
914 1254 1030 1337 pontus

209 1364 375 1447 Curvatur,
397 1377 569 1460 curvatque
588 1369 675 1438 sinus
694 1369 884 1460 Gangeticus
902 1370 1012 1440 undas.

208 1492 258 1561 En
275 1492 428 1584 Narsinga
446 1493 544 1575 ierax,
564 1493 678 1585 opibus
697 1515 777 1586 qurae
796 1517 946 1587 prospera
967 1497 1071 1566 ssoret:

208 1616 358 1688 Vestibus
376 1617 427 1688 bic
445 1619 538 1689 variis
557 1617 652 1690 011111
671 1621 818 1711 opulenta
837 1621 979 1692 renidet:

209 1741 272 1810 1111
289 1749 378 1832 parte
397 1742 483 1813 sinna
502 1763 651 1833 spumoso
669 1745 794 1836 gurgite
813 1745 948 1836 Ganges,

208 1865 241 1934 11
260 1885 348 1937 marc
365 1887 569 1958 procurrens,
590 1868 679 1938 salsis
697 1870 876 1938 immittitur
894 1871 997 1940 undis.

660 2226 749 2288 CXX!

208 2487 343 2576 Ganges,
364 2507 427 2578 quo
445 2487 544 2557 tuitur
561 2488 657 2558 ssuvio
675 2509 753 2579 gans
772 2489 888 2570 accola,
909 2495 1002 2560 morti

206 2611 363 2691 Proxima,
383 2631 518 2702 namque
537 2620 648 2702 putant
666 2613 751 2682 omni
771 2632 803 2682 se
821 2633 913 2703 posse
932 2614 1013 2703 piari

206 2733 346 2805 Crimine
365 2736 544 2817 commisso,
565 2737 591 2804 si
611 2755 742 2826 corpora
761 2756 907 2826 mergere
925 2737 1017 2807 detur

206 2859 379 2951 Culparum
396 2860 504 2929 sordes
527 2861 677 2950 tergentis
695 2861 833 2930 fluminis
850 2861 954 2930 undis.

206 2981 309 3053 Cerne
328 2981 573 3074 Catiganum‘de
592 2983 684 3053 cieris
701 2983 835 3054 urbibus
853 3005 947 3053 unam

205 3109 369 3200 bengalae,
389 3115 501 3198 magnai
521 3129 600 3200 quae
619 3129 652 3178 se
672 3111 830 3200 provincia
845 3109 942 3199 jactat

205 3233 391 3304 Fertilitate:
412 3232 483 3303 uide
502 3253 653 3304 converso
671 3234 745 3303 binc
762 3233 866 3304 littore
885 3253 981 3304 curvo

203 3358 300 3428 Paulo
318 3358 453 3442 deflexa,
472 3367 508 3430 ut
526 3357 705 3429 nimbosum
725 3368 833 3451 vergat
851 3360 887 3430 ad
904 3358 1069 3431 Austrum.

645 3717 746 3780 CXXI!

202 3980 345 4070 Regnum
359 3979 508 4050 Arracani
527 3979 635 4070 procui
654 3984 769 4071 aspice,
790 3990 821 4050 et
840 3984 943 4070 aspice
962 3983 1060 4072 Pegu,

202 4103 304 4187 Quem
322 4111 458 4174 tractum
477 4103 633 4194 quondam
654 4112 783 4173 tenuere
803 4103 944 4173 informia
965 4117 1114 4186 monstra,

202 4228 298 4311 Queis
316 4226 444 4297 dederat
458 4235 583 4317 turpem
602 4227 702 4297 coitus
720 4227 920 4316 turpissimus
938 4239 1053 4308 ortum,

201 4351 306 4436 Quum
321 4351 450 4441 jacuere
468 4369 531 4420 uno
549 4350 726 4442 mulierque
746 4352 894 4441 canisque
914 4351 1018 4422 cubili.

201 4475 332 4546 Ponitur
349 4495 402 4546 aes
420 4495 570 4546 resonans
589 4475 650 4545 illic
671 4475 855 4584 genitpiibus
874 4477 969 4556 arvis,

200 4601 245 4672 Ut
264 4601 304 4670 sit
321 4599 512 4692 praesidium
531 4608 614 4670 casto
633 4609 820 4691 septumque
838 4597 970 4690 pudori:

200 4725 288 4794 Hanc
306 4725 414 4816 regina
433 4727 498 4795 suis
516 4727 621 4815 posuit
640 4725 817 4794 cautissima
837 4724 950 4813 tegam,

199 4849 265 4920 Hac
284 4851 403 4920 ratione
420 4852 526 4921 volens
544 4850 704 4920 infandum
723 4851 833 4921 tollere
852 4869 982 4920 moram.
