3384 5372
569 477 657 524 LIBER
677 476 817 524 edusius

646 731 738 795 XXIV

197 995 245 1064 En
265 995 381 1084 gemini
401 1013 492 1085 reges
511 1013 589 1084 ques
608 994 755 1065 Corduba
773 1003 804 1064 et
824 994 958 1084 Hispalis
975 1001 1084 1074 armat,
1180 1039 1184 1054 .

198 1119 263 1188 Hac
283 1119 416 1208 fugiunt,
437 1118 551 1208 aliique
570 1118 660 1199 duos
680 1137 738 1188 nec
755 1118 885 1208 pulvere
904 1117 964 1186 iusi

197 1243 237 1312 Hi
256 1250 387 1323 tantum,
409 1243 464 1313 sed
481 1252 583 1313 morte
602 1244 733 1316 cadunt:
749 1241 894 1313 mirabile
912 1241 1043 1312 iactum!

196 1365 351 1447 Numinis,
371 1365 524 1434 humanae
541 1386 603 1440 nen
622 1376 668 1436 est
687 1387 722 1436 ea
741 1367 839 1456 gioria
857 1367 996 1436 dextrae.

197 1489 266 1559 lam
283 1492 371 1579 ponit
388 1491 529 1580 priscum
545 1493 667 1560 munita
684 1491 802 1560 Salacia
819 1491 950 1560 fastum:

196 1613 265 1684 Nen
285 1614 380 1708 iiiam,
402 1623 454 1683 aut
472 1615 584 1696 virtus,
605 1625 657 1685 aut
675 1614 774 1684 111111
792 1623 882 1705 porta
900 1623 1008 1684 tuetur

196 1738 385 1809 Matthaeum
404 1746 520 1817 contra,
540 1739 595 1829 qui
612 1741 661 1808 vir
678 1739 876 1819 venerabilis,
895 1737 985 1806 urbis

196 1862 305 1931 Pastor
320 1861 499 1952 Ulyssaeae‚
520 1870 647 1951 pugnat,
671 1862 835 1952 uictorque
854 1862 1036 1952 triumphat.

650 2221 729 2283 XXV

194 2486 312 2554 Lusum
332 2503 424 2554 cerne
443 2484 557 2553 ducem
577 2483 727 2553 Casteilae
746 2503 840 2571 regna
858 2484 994 2573 petentis

193 2608 279 2678 Acer
297 2609 349 2699 qui
368 2609 522 2698 linquens
544 2608 711 2678 secundum
731 2605 859 2696 subjicit
877 2625 969 2676 omne

193 2734 386 2825 Algarbense
405 2735 521 2815 seium;
542 2753 598 2802 nec
614 2734 680 2824 jam
698 2732 850 2803 obsistere
869 2741 976 2802 contra

193 2857 326 2928 Viribus
342 2858 480 2927 adversis
498 2857 591 2928 audet
610 2859 791 2926 teterrimus
808 2857 917 2925 hostis.

194 2981 253 3051 Hic
270 2990 351 3062 astu,
371 2984 486 3051 virtute
504 2981 609 3062 simui,
630 2980 779 3070 coeloque
797 2981 925 3060 invente,

194 3106 316 3196 Oppida
332 3105 451 3196 ubique
469 3109 562 3196 capit,
583 3105 706 3174 castella
726 3113 882 3194 expugnat
900 3113 931 3172 et
949 3123 1051 3172 arces:

193 3231 363 3301 Pellentem
380 3231 507 3301 Mauros
524 3231 629 3300 Taviia
647 3231 801 3321 conspice,
822 3237 941 3319 septem

192 3357 314 3426 Funera
333 3360 503 3426 venantium
518 3353 611 3445 justis
628 3363 663 3423 ut
684 3355 816 3423 vindicet
835 3353 941 3423 armis,

639 3713 729 3775 XXVI

191 3977 313 4068 Aspicis
332 3985 366 4046 ut
383 3976 459 4046 belii
477 3976 638 4065 Spirensia
656 3977 778 4044 muenia
796 3995 907 4044 maure

191 4102 313 4171 Fraude
333 4099 451 4182 adimit,
471 4120 585 4191 magno
603 4121 683 4190 quae
701 4099 815 4169 rubere
833 4107 957 4189 ceperat
975 4097 1050 4168 11111

189 4191 323 4296 Nomine
341 4223 478 4294 Cerreac
495 4225 559 4294 Paii
578 4225 759 4293 notissimus
777 4224 830 4292 iiie

189 4351 319 4440 Semper
337 4349 409 4430 erit,
429 4349 545 4418 nostris
564 4367 687 4438 semper
706 4347 913 4418 celebrabitur
931 4349 1007 4418 eris.

188 4473 251 4544 Sed
269 4493 308 4542 ne
326 4482 503 4562 praetereas
522 4482 629 4542 ternos
647 4492 725 4562 ques
743 4473 852 4562 gallica
870 4493 977 4562 regna,

187 4597 293 4689 Atque
310 4596 440 4687 hispana
459 4599 527 4689 pari
547 4599 703 4668 mirantur
721 4599 811 4669 laude
830 4598 997 4668 verendos:

127 4717 129 4722 ’
187 4721 276 4801 Β1111,
296 4721 417 4811 equites
435 4722 629 4812 peditesque,
651 4722 733 4792 cient
750 4721 949 4803 simulachra,
968 4721 1081 4792 duellis

188 4843 353 4938 Ostentant
371 4845 467 4926 vires,
488 4846 598 4915 martis
616 4856 798 4938 ponuntque
817 4856 952 4937 tropaea.
