3406 5378
903 455 1056 502 trsrnnnn

936 713 1017 776 OEffl

483 973 597 1044 Debuit
612 972 756 1044 Annibali
776 971 934 1064 quondam
952 972 1088 1044 ludibria
1107 992 1222 1064 magno

483 1099 642 1179 Phormio
662 1119 757 1190 qoem
776 1100 895 1169 clarum
913 1098 986 1168 lecit
1004 1098 1156 1180 facundia,
1178 1098 1298 1181 doctam,

481 1223 588 1308 Quum
606 1241 713 1293 coram
730 1221 835 1293 Poeno
853 1221 987 1293 verbose
1006 1223 1104 1293 multa
1122 1223 1251 1294 doceret

480 1347 597 1438 Pugnis
614 1347 665 1418 de·
673 1348 778 1427 variis,
798 1349 894 1418 rariis
911 1347 1064 1439 bellisque
1082 1348 1244 1442 gerendis:

480 1472 609 1542 Militiae
628 1471 724 1562 leges,
744 1491 795 1542 ars
813 1472 1079 1562 praestantissima
1096 1471 1182 1553 belli,
1206 1541 1209 1550 ,

481 1595 651 1667 Discuntur
668 1595 798 1666 minime
817 1596 885 1666 solo
903 1597 1067 1665 conamine
1085 1597 1215 1678 mentis;

480 1719 548 1791 Non
566 1720 644 1790 haee
661 1721 796 1812 ingenio,
818 1720 934 1801 studio,
954 1739 1105 1790 somnove
1122 1729 1288 1812 parantum

481 1845 557 1915 Belli
576 1844 686 1916 crebra
705 1845 817 1915 docent
835 1854 936 1916 artem
955 1847 1125 1916 certamina
1145 1854 1176 1914 et
1194 1865 1282 1914 usus.

931 2203 1024 2266 OEW

383 2547 389 2560 ,
479 2464 541 2534 Sed
560 2465 635 2554 quid
654 2484 712 2555 ego
730 2465 818 2545 haec,
838 2465 940 2534 tenuis
957 2465 1089 2546 fortuna,
1108 2475 1212 2534 mente
1230 2467 1367 2545 revolvo,

478 2591 579 2674 Quem
597 2597 747 2680 spernunt
766 2607 923 2679 proceres,
944 2587 1000 2658 tibi
1020 2609 1079 2658 nec
1097 2608 1155 2679 per
1174 2590 1292 2660 somnia
1309 2593 1440 2660 notum?

477 2713 519 2784 dt
537 2713 723 2804 quandoque
740 2713 852 2783 humili
871 2713 939 2783 laus
956 2712 1061 2803 prodit
1080 2712 1197 2804 fulgida
1215 2713 1254 2784 ab
1272 2735 1337 2794 ore,

476 2837 624 2909 Pervenit
640 2848 672 2907 et
691 2837 818 2908 tandem
837 2857 949 2927 regum
968 2837 1144 2928 gratissima
1162 2837 1201 2908 ad
1219 2858 1322 2908 aures.

476 2961 542 3032 Nec
558 2982 636 3031 vero
654 2960 751 3032 studii
769 2981 822 3030 me
840 2959 945 3032 delicit
963 2981 1040 3031 usus
1057 2961 1189 3041 honesti,

476 3086 535 3157 Cui
552 3087 645 3177 longa
663 3087 794 3157 accessit
811 3105 917 3156 comes
935 3086 1125 3177 experientia
1143 3105 1260 3166 rerum,

475 3212 540 3283 Nec
558 3213 606 3283 vis
624 3213 751 3303 ingenii,
773 3211 862 3302 cuius
879 3212 1039 3281 manifesta
1058 3211 1179 3281 videbis
1234 3253 1238 3260 ·

475 3338 533 3407 Hic
551 3338 651 3428 signa,
671 3337 753 3408 haud
773 3339 868 3428 vulgd
887 3357 967 3428 quae
985 3345 1069 3407 certe
1083 3337 1191 3428 iuncta
1209 3339 1377 3408 nitescunt.

930 3695 1004 3758 CN

471 3959 516 4030 Ut
534 3967 586 4028 tua
606 3960 694 4048 signa
712 3977 837 4049 sequar,
857 3958 935 4028 mihi
953 3957 1060 4028 dextra
1079 3959 1214 4028 exercita
1232 3959 1325 4040 bello,

470 4084 515 4156 Ut
533 4092 585 4154 tua
603 4081 681 4152 lacta
700 4101 821 4164 canam,
840 4101 930 4153 mens
948 4091 995 4152 est
1012 4099 1083 4152 mea
1101 4081 1205 4153 dedita
1222 4083 1334 4154 Musis:

470 4209 537 4278 Hoc
555 4207 630 4278 milri
649 4207 736 4278 deest
754 4225 865 4288 unum,
885 4216 938 4278 tna
956 4208 1066 4298 gratia,
1088 4207 1178 4298 cnjus
1195 4207 1362 4278 honestum

469 4331 582 4402 Munus
600 4332 670 4414 erit,
691 4331 852 4422 Princeps,
871 4331 980 4400 virtuti
998 4329 1103 4402 adlare
1120 4331 1269 4402 levorem.

469 4455 536 4524 Hoc
555 4455 632 4524 milri
651 4455 678 4524 si
696 4453 813 4524 donent
831 4455 955 4546 Superi,
977 4463 1009 4525 et
1027 4464 1079 4526 tna
1097 4465 1223 4547 pectora
1241 4457 1350 4528 Martis

468 4577 701 4668 Aggrediantur
719 4597 798 4668 opus
815 4577 914 4648 Musis
932 4587 963 4648 et
974 4576 1119 4670 Apolline
1136 4579 1278 4670 dignum,

468 4701 559 4788 Quod
577 4723 645 4772 mea
664 4701 817 4792 praedicit
836 4701 892 4771 tibi
911 4723 1001 4772 mens
1019 4724 1169 4794 praesaga
1186 4703 1294 4784 loturi,

466 4827 608 4916 Namque
626 4833 681 4894 tuo
699 4827 769 4895 novi
790 4837 961 4918 conceptos
980 4837 1108 4917 pectore
1127 4836 1246 4908 motus;
