3384 5370
588 469 677 516 clean
696 469 827 515 rnarlr's

678 726 740 789 clv

210 987 309 1072 Quina
328 994 435 1057 tenent
453 987 558 1060 medio
577 995 624 1056 ter
643 987 740 1057 denos
759 989 880 1057 scutula
899 1007 1054 1069 nummos

172 1097 243 1181 'ln
261 1111 401 1203 pretium
417 1111 526 1182 mundi
546 1109 691 1181 Christus
710 1113 799 1202 queis
818 1111 961 1182 venditus
979 1114 1069 1196 olim;
1132 1087 1166 1157 ',
1217 1109 1219 1116 '

209 1235 267 1305 llio
284 1235 384 1326 pingit
401 1237 488 1304 vario
506 1233 621 1304 Christi
639 1243 842 1305 monumenta
861 1236 976 1316 colore,

210 1358 307 1449 Cujus
325 1359 516 1450 laurigerum
534 1359 656 1449 peperit
675 1359 734 1428 sibi
752 1358 887 1430 Numine
905 1360 1052 1450 palmam.

209 1484 337 1553 Scutula
356 1485 449 1574 quina
468 1490 574 1553 tenent
592 1483 779 1552 numismata
797 1484 903 1574 quina,
924 1486 1067 1576 sacrique

209 1609 253 1680 Ut
271 1610 395 1679 numeri
413 1609 492 1678 ratio
512 1609 636 1699 penitus
654 1608 791 1698 perlecta
810 1619 960 1692 maneret,

209 1735 261 1804 Bis
278 1735 418 1804 medium
438 1734 531 1805 debet
548 1735 721 1814 numerari,
741 1741 773 1806 et
791 1735 930 1826 quinque
949 1735 1063 1806 coloris

210 1857 351 1930 Caerulei
371 1860 467 1930 scutis
485 1858 570 1930 Crux
590 1860 662 1931 inde
682 1859 793 1930 effecta
812 1861 952 1930 resultat.

681 2219 731 2281 LV

210 2480 282 2551 Post
299 2482 417 2572 aliquot
435 2481 546 2552 celeris
564 2482 720 2552 confectos
737 2483 888 2572 temporis
906 2482 1010 2563 orbes,

209 2603 346 2688 Arduus,
366 2614 397 2676 et
416 2616 524 2697 partae
543 2605 765 2676 memorandus
783 2607 907 2677 nomine
925 2607 1057 2698 palmae,

210 2730 377 2801 Obsidione
395 2739 480 2802 tenet
499 2732 636 2801 Leiriam
654 2711 845 2821 dlplr'onsuS,
865 2731 905 2801 ab
923 2732 1012 2802 hoste

209 2854 303 2925 Paulo
322 2864 392 2926 ante
410 2875 592 2947 oppressam
611 2855 740 2937 insidiis,
761 2856 934 2946 recipitque
952 2857 1120 2926 volentem.

209 2979 271 3050 Nec
289 2981 394 3050 minus
412 2979 593 3050 Arroncbes
611 2981 769 3051 munitum
788 2982 892 3061 cessit,
913 2989 944 3050 et
962 2979 1040 3050 illud

209 3104 347 3176 Scalabis
364 3107 509 3196 antiquae
529 3113 666 3175 castrum
685 3106 900 3186 memorabile,
921 3105 1012 3196 cujus

208 3229 248 3320 Et
265 3232 386 3313 Florae,
407 3239 439 3301 et
457 3229 582 3300 Cereris
599 3231 704 3301 lelices
723 3251 854 3301 munere
872 3251 1009 3322 campos,

208 3354 254 3423 Tu
272 3355 377 3446 Tagus
394 3354 538 3426 auriferis
556 3355 786 3445 placidissimus
805 3354 894 3426 alluis
912 3355 1014 3426 undis.

675 3715 737 3778 Lvl

208 3975 330 4066 Oppida
348 3983 394 4046 tot
412 3977 495 4046 claro
514 3979 657 4047 testantia
675 3979 801 4048 nomine
820 3976 934 4047 lamam

206 4097 390 4190 Expugnare
409 4100 499 4170 brevi
518 4103 685 4171 comitatur
703 4101 816 4183 blatra;
836 4121 896 4169 nec
915 4101 964 4169 illa

206 4221 311 4294 lleluit
328 4225 417 4295 elatis
435 4245 517 4317 quae
535 4224 694 4296 montibus
714 4225 797 4294 edita
816 4225 922 4295 Lunae

206 4347 311 4420 Cintra
330 4353 420 4420 nives
437 4350 566 4431 habitat,
586 4353 744 4440 cessitque
762 4351 896 4420 obnoxia
913 4350 1005 4440 Regi.

206 4473 312 4544 Cintra
331 4475 431 4546 decus
449 4495 632 4558 nemorum;
653 4476 743 4567 cujus
762 4497 796 4546 se
814 4475 951 4546 lontibus
965 4475 1086 4546 abdunt

205 4597 327 4680 Naides,
347 4599 486 4670 ardentis
504 4600 627 4690 lugiunt
646 4599 722 4670 dum
740 4600 864 4670 vincula
883 4600 1043 4683 flammam

205 4721 288 4793 Pone
306 4743 442 4814 sequens
461 4733 566 4794 tamen
584 4733 678 4815 urget
695 4743 795 4806 amor,
815 4722 991 4815 blandeque
1011 4725 1138 4816 fugaces

205 4845 314 4938 llligat,
336 4857 366 4918 et
386 4848 497 4938 gelidis
516 4849 656 4920 accendit
674 4848 813 4920 sontibus
833 4849 932 4940 ignes.
