3440 5392
893 427 1045 474 tustanus

935 683 1010 754 tvu

476 947 649 1017 Lusiadum
667 947 768 1026 classi,
788 946 889 1036 pelagi
908 967 990 1037 quae
1006 947 1086 1016 vieta
1105 946 1222 1026 laboro,

476 1073 632 1141 Fecerunt
650 1070 781 1140 hilarem
800 1070 901 1141 subito
920 1090 999 1140 nova
1018 1070 1129 1160 gaudia
1147 1079 1283 1156 noeteun

474 1196 603 1266 Scilicet
620 1198 765 1270 inventus
783 1195 886 1265 iuerat
903 1195 1024 1265 telluris
1042 1205 1162 1291 amatae

473 1319 608 1389 Nuntius
626 1340 643 1388 a
661 1320 760 1409 patria
778 1327 843 1388 toto
862 1319 971 1410 prooul
990 1319 1067 1389 orbe
1087 1328 1235 1389 remotae.
1279 1351 1283 1358 ·

472 1443 513 1512 Et
532 1445 643 1513 tacitus
661 1442 720 1512 sibi
739 1443 872 1533 quisque
891 1451 977 1512 notat
995 1443 1139 1512 mirabile
1159 1445 1260 1534 gentis

472 1567 646 1657 Ingenium,
666 1586 782 1648 mores,
801 1566 927 1637 habitus
946 1576 977 1637 et
995 1553 1161 1637 munn'ura
1178 1567 1312 1658 linguae.

472 1693 626 1762 Mirantur
644 1699 796 1783 quantum
815 1691 922 1762 inlarni
941 1713 1019 1784 gens
1036 1693 1140 1763 dedita
1159 1701 1261 1762 sectae

384 1857 387 1864 ·
473 1816 597 1886 Floreat
614 1816 761 1905 Imperio,
781 1824 812 1886 et
830 1824 931 1885 totum
949 1835 1029 1905 pene
1048 1825 1181 1906 occupet
1200 1816 1330 1903 Osbtsst

924 2174 1011 2254 nvrn

405 2404 411 2416 ¹
473 2435 578 2506 Aurea
596 2436 738 2506 candenti
756 2437 904 2506 rutilabat
922 2438 1009 2508 Luna
1027 2438 1139 2520 nitore,

473 2561 540 2645 Qua
559 2561 633 2630 sutis
651 2569 780 2652 argento
798 2561 954 2653 Neptunia
971 2571 1062 2651 prata
1080 2562 1250 2632 micabant.

425 2727 429 2732 -
474 2687 598 2756 Florida
618 2689 662 2758 sie
679 2706 759 2777 puro
778 2688 940 2757 radiabant
958 2687 1069 2778 sydera
1087 2687 1193 2769 Coelo,

470 2810 515 2881 Ut
532 2811 621 2880 nitidi
641 2814 754 2882 vestire
774 2811 872 2882 solent
891 2813 1034 2882 viridaria
1055 2813 1158 2882 llores.

472 2935 610 3004 Flarnina
629 2943 796 3016 ventorum
815 2936 967 3006 luriarunr
985 2936 1083 3006 oblita
1099 2935 1255 3026 jaeebunt,

472 3059 594 3148 Perque
613 3061 699 3132 sinus
716 3060 843 3150 passini,
864 3080 984 3151 perque
1003 3068 1091 3130 antra
1109 3061 1244 3132 obseura
1262 3061 1411 3144 tenebris.

472 3178 514 3251 At
531 3201 594 3250 non
612 3182 763 3252 Lusiadae
781 3183 865 3253 dulei
884 3182 958 3252 dant
976 3183 1093 3268 lumina
1112 3203 1234 3266 somne,

472 3307 570 3396 lnque
589 3307 673 3377 vices
690 3309 833 3398 vigilant;
853 3310 898 3390 sio
918 3308 967 3377 len
987 3311 1112 3398 antiqua
1127 3309 1269 3399 jubebat.

943 3669 1005 3730 LIX

474 3930 547 4000 lnde
565 3930 620 3999 ubi
639 3931 763 4008 Tithoni
783 3931 911 4008 rutilans
931 3951 1044 4000 aurora
1062 3930 1157 4001 cubili

473 4054 567 4138 Exiit,
587 4066 618 4125 et
637 4075 745 4127 roseos
763 4054 874 4137 ellndit
892 4055 1022 4146 prodiga
1042 4057 1154 4138 crines,

472 4180 653 4271 Purpureos
671 4200 824 4260 reserans,
845 4178 932 4250 Coeli
951 4181 1078 4271 regione
1097 4201 1218 4262 serena,

474 4303 538 4374 Soli
557 4305 669 4384 aditus,
690 4305 805 4395 quibus
823 4305 972 4396 evigilans
990 4326 1023 4378 se
1042 4307 1162 4376 ernittat
1180 4307 1212 4375 in
1231 4327 1339 4376 auras:

473 4429 616 4519 Explicat
635 4430 666 4497 in
685 4431 822 4519 speeiem
839 4430 978 4500 uictricia
997 4431 1084 4520 signa
1103 4430 1255 4521 triumphi

474 4554 599 4635 Classis,
619 4565 650 4624 et
669 4555 785 4624 aulaeis
803 4577 870 4626 sese
889 4556 1028 4646 undique
1046 4565 1112 4625 tota
1130 4564 1268 4636 coronat,

474 4678 606 4768 Dignius
623 4687 658 4746 nt
677 4677 783 4748 classis
802 4680 921 4768 gremio
940 4679 1112 4768 excipiatur
1131 4679 1241 4757 amico,

475 4804 565 4874 llaud
584 4803 692 4894 prooul
712 4803 889 4883 adveniens
911 4805 960 4872 uui
980 4801 1125 4872 subditur
1144 4803 1255 4884 insula,
1276 4814 1389 4873 reotor.
