3384 5372
555 497 644 544 orbim
662 497 801 544 ocrnt't's

607 755 747 819 uxxvm
861 717 863 722 ’

180 1014 233 1083 Sic
251 1015 366 1086 allerre
380 1015 471 1106 jubet
490 1017 639 1106 quicquid
653 1015 823 1108 Gangetica
841 1019 935 1088 tellus

179 1137 277 1208 Ferre
294 1147 398 1228 negat,
419 1139 566 1229 civesque
585 1148 703 1220 carent,
724 1161 741 1209 a
760 1140 865 1210 littore
883 1141 1013 1231 siquid,-

179 1260 263 1331 lndis
283 1262 367 1352 qnod
385 1263 504 1353 placeat
521 1282 629 1332 secum
648 1262 745 1333 classe
763 1263 900 1345 advehit,
919 1264 1003 1333 unde

179 1383 292 1454 Limite
312 1394 395 1453 terra
414 1405 471 1454 suo
489 1385 608 1465 finitur,
630 1394 661 1454 et
679 1386 789 1475 incipit
807 1407 937 1476 aequor.

179 1507 313 1597 Jmnque
333 1507 411 1577 adeo
428 1511 512 1598 regis
531 1508 709 1580 venerando
728 1509 840 1580 ductor
858 1509 896 1579 ab
915 1529 971 1580 ore

179 1629 303 1700 Laetior
322 1631 491 1714 excedens,
511 1639 672 1723 properat,
693 1633 856 1723 tenditque
874 1643 1030 1724 rogatum,

179 1753 237 1824 Cui
257 1755 329 1825 data
347 1777 422 1828 cura
440 1758 501 1838 sui,
521 1757 693 1860 Gamalam,
713 1765 748 1827 ut
766 1766 942 1850 praeparet,
962 1758 1064 1829 undas

179 1880 239 1963 Qui
259 1888 371 1959 tranet,
392 1901 465 1950 nam
485 1883 592 1952 classis
610 1882 697 1952 abest
716 1903 733 1950 e
751 1882 866 1963 littore,
888 1882 1038 1952 lembum.

616 2258 732 2319 LXXIX

178 2502 248 2586 Quo
267 2509 388 2592 repetat
407 2503 550 2583 classem,
571 2500 714 2571 lembum
732 2501 792 2572 sibi
811 2505 922 2592 poscit,
942 2511 973 2572 et
992 2502 1098 2584 instat;

178 2626 219 2696 Xt
237 2647 376 2717 praeses,
396 2627 450 2718 qui
468 2636 573 2698 mente
591 2648 687 2698 novos
705 2637 892 2717 conceperat
911 2635 1006 2708 astus,

177 2752 394 2844 Versabetque
411 2753 510 2834 dolor,
530 2753 574 2823 nil
592 2753 755 2844 indulgere
773 2755 904 2843 roganti,

178 2877 218 2946 Et
236 2877 377 2968 prolerre
396 2897 511 2960 morae,
533 2885 564 2948 et
582 2888 690 2968 caepto
709 2878 833 2948 obstare
852 2876 992 2968 parebat.

179 3000 281 3071 011111
299 3022 332 3072 se
352 3003 501 3074 comitem
519 3003 635 3072 Gamae
655 3005 718 3094 qud
737 3003 861 3091 longius
879 3003 948 3072 auid

178 3126 329 3198 Amotum
349 3148 441 3198 nemo
459 3137 527 3198 tuto
546 3126 712 3198 defendere
731 3129 845 3218 possit;

179 3250 260 3340 lpse,
281 3271 298 3320 a
317 3271 392 3341 rege
410 3251 532 3341 procul,
554 3271 696 3332 securus,
717 3259 844 3341 praetor
862 3251 988 3341 iniquus

180 3375 317 3455 Saeviet,
336 3384 367 3444 et
386 3373 475 3444 faciat
494 3394 574 3465 quae
593 3375 672 3444 livor
691 3375 786 3444 dictet
804 3384 835 3444 et
854 3385 949 3444 astus.

621 3733 726 3796 LXXX
1017 3795 1032 3836 ι

179 3997 244 4068 Ν11
262 3995 400 4077 dubites,
419 3995 532 4085 inquit,
552 3995 697 4087 cymbam
714 3993 869 4085 praebere
887 4004 1033 4084 paratum

98 4185 101 4191 .
178 4123 240 4201 Me,
260 4129 335 4220 mox
352 4129 388 4191 ut
406 4122 507 4211 possis
525 4139 640 4190 navem
658 4118 868 4190 conscendere
886 4126 987 4202 tutus3

179 4245 327 4316 Attamen
346 4253 378 4314 et
395 4243 516 4335 poteris
535 4245 722 4334 tranquillus
740 4243 771 4312 in
789 4241 871 4312 urbe
888 4242 1017 4324 morari,

178 4368 286 4439 Donec
304 4388 338 4438 se
355 4368 448 4438 terris
466 4367 521 4436 lux
540 4368 674 4437 crastina
692 4365 803 4436 reddat
820 4365 906 4435 Eois,

179 4495 407 4585 Suspectatque
425 4513 539 4573 moras,
561 4501 593 4561 et
611 4513 692 4573 sese,
713 4492 856 4582 denique,
877 4491 976 4560 Gema

179 4619 311 4690 Artibus
329 4622 453 4689 elusum
470 4616 608 4688 Catualis
626 4619 723 4688 sensit
741 4617 868 4708 iniquis,

180 4744 335 4834 lluncque
352 4743 469 4814 bibisse
487 4743 562 4824 odii,
583 4764 694 4813 mauro
713 4742 893 4833 praebente,
915 4761 1085 4824 venenum;
1138 4717 1141 4727 ⁵

180 4869 266 4952 Quae
284 4875 447 4958 perspecta
466 4868 524 4938 sibi
544 4869 668 4958 penitus
687 4889 749 4938 non
768 4875 839 4936 ante
857 4865 997 4936 luissent.
