3384 5372
931 441 959 486 u
972 438 1084 486 sunan

977 695 1039 756 xxt

515 959 681 1028 ,ldmntam
698 977 790 1026 muro
809 955 965 1026 labentem
983 976 1077 1025 cerne
1096 977 1152 1045 per
1171 957 1301 1032 natan,

515 1083 574 1166 Qui
594 1083 694 1172 capita
714 1090 857 1170 exportat
877 1081 1006 1166 uigilum
1025 1079 1165 1168 praecisa
1183 1077 1328 1147 duorum.

516 1205 635 1274 Strurit
655 1205 709 1273 ubi
730 1204 855 1273 insidias
873 1223 948 1272 auso
967 1203 1169 1272 temerarius:
1189 1211 1258 1270 astu

516 1327 654 1396 Callum
673 1327 723 1396 ille
742 1329 835 1418 capit,
856 1347 916 1395 non
934 1327 1033 1396 llarte
1052 1345 1087 1394 ae
1105 1325 1236 1404 uiribus,
1254 1323 1382 1393 mbem:

517 1451 574 1520 llic
593 1451 684 1520 miles
702 1450 786 1520 claro
805 1451 905 1519 rictor
924 1469 982 1540 pro
1000 1457 1163 1518 stemmate
1181 1457 1332 1517 monstrat

518 1577 592 1645 Bina
611 1597 706 1644 manu
723 1578 834 1666 capita,
854 1576 1001 1645 audacter
1020 1595 1099 1664 quae
1117 1573 1228 1662 lrigiila
1245 1593 1353 1642 secum

517 1699 700 1790 ,isportaus
720 1711 838 1770 recreat
858 1711 991 1769 nostros.
1012 1698 1153 1767 Mirabile
1172 1697 1300 1766 lactum!

518 1823 644 1892 Giraltlo
663 1823 807 1912 intrepidi
828 1843 940 1892 nomeu
958 1843 1013 1892 sua
1033 1833 1118 1910 gesta
1136 1821 1299 1890 ‹lellenmt

974 2181 1048 2242 linl

521 2447 693 2534 Hispanum
714 2444 850 2532 llispauo
869 2463 959 2512 terne
979 2441 1060 2511 bunc
1079 2463 1096 2511 a
1115 2443 1254 2531 principe
1272 2443 1400 2510 laesum.

520 2569 668 2660 illplronsi
688 2567 767 2636 Noni
786 2567 840 2656 qui
859 2567 984 2635 nomine
1004 2565 1119 2634 fraenat
1140 2565 1256 2644 iberos,

521 2693 649 2762 Pulsum
667 2710 740 2760 cum
757 2690 855 2759 Larae
874 2690 967 2759 sociis
985 2710 1002 2758 a
1020 2687 1133 2758 finibus
1152 2688 1224 2769 illis,

520 2816 707 2905 turgentem
725 2813 844 2882 blauris
862 2813 972 2892 aciem,
993 2811 1147 2901 nobisque
1164 2823 1343 2881 nocentem:

520 2940 589 3009 lam
607 2940 689 3029 capit
704 2939 889 3019 librantum,
909 2959 999 3008 saera
1017 2939 1149 3028 stipante
1168 2947 1308 3006 caterva:
1370 2985 1375 2994 .

436 3079 439 3088 ⁴
520 3065 633 3158 Aspice
652 3064 706 3133 sed
725 3085 867 3154 pugnans
883 3072 919 3132 nt
937 3083 1037 3152 pauco
1055 3063 1152 3132 milite
1171 3063 1284 3132 ductor

521 3191 621 3258 Lusus
639 3209 712 3258 enm
731 3197 858 3278 superat
876 3207 997 3277 eampo,
1018 3187 1181 3276 victorque
1200 3186 1350 3255 rebellem

522 3313 685 3404 Captitum
703 3313 799 3385 ducit.
821 3313 926 3402 spoliis
944 3313 1121 3402 praedaque
1140 3315 1267 3402 potitus.

972 3671 1057 3732 xttttt

522 3935 653 4006 Nomine
671 3936 821 4006 Martinus
839 3934 904 4005 dux
923 3943 981 4014 est,
1001 3933 1184 4023 cognomine
1203 3933 1314 4022 LopeS,

523 4061 581 4130 llio
601 4061 654 4150 qui
673 4060 711 4130 de
730 4060 857 4140 ltauris,
878 4059 1035 4129 cumulata
1054 4058 1155 4136 laude,
1177 4057 1366 4147 triumphat:

522 4184 703 4253 Pontificem
722 4194 852 4253 cernunt
870 4185 976 4253 hostes
990 4171 1055 4275 ja'm
1073 4183 1182 4252 Mortis
1200 4183 1372 4260 alumnum,

523 4309 583 4393 Qui
603 4307 748 4377 baculum
767 4328 805 4377 ex
824 4328 900 4376 auro
920 4307 1064 4377 lerratam
1082 4315 1182 4375 mutat
1201 4307 1232 4374 in
1250 4305 1389 4374 hastam:

524 4431 635 4522 ilspico
653 4440 688 4500 ut
706 4432 869 4522 ambiguos
887 4432 979 4510 inter,
998 4451 1198 4521 pugnamque
1217 4431 1373 4509 timentes,

524 4555 663 4625 Concitet
683 4555 713 4624 in
732 4576 840 4625 saeros
858 4555 954 4624 lorias
973 4565 1003 4624 et
1023 4555 1139 4644 praelia
1156 4554 1297 4624 llauros:

524 4681 640 4770 Aspice
658 4680 742 4771 quod
760 4682 875 4771 Superi
893 4689 1065 4752 monstrant
1084 4699 1122 4750 ex
1140 4680 1266 4750 aethere
1284 4682 1422 4769 signum,

524 4808 594 4890 Quo
613 4805 690 4883 uiso,
710 4806 831 4894 exiguis
850 4814 990 4874 crescunt
1011 4824 1089 4872 nolu
1108 4803 1221 4874 robora
1240 4805 1363 4872 turmis..
