3394 5372
594 498 684 544 runnu
702 497 821 544 SEXTVS

636 753 781 817 LXXXIX

211 1016 296 1085 Talia
314 1016 394 1086 dicta
415 1016 527 1086 dabat:
549 1016 672 1087 sublato
692 1017 817 1106 gurgite
835 1019 920 1087 venti

212 1141 388 1219 Luctantes‚
408 1149 572 1210 taurorum
591 1141 699 1220 instar,
720 1161 779 1230 per
797 1160 888 1210 saeva
905 1140 1045 1210 lucentes

211 1262 371 1353 hequora,
394 1263 627 1353 conglomerant
645 1261 768 1344 fluctus,
790 1272 968 1354 augentque
988 1264 1152 1354 procellas,

211 1386 258 1457 Ac
276 1397 386 1458 tenues
406 1389 488 1458 iuter
506 1389 598 1458 lones
618 1388 755 1460 assibilat
773 1409 860 1458 aura.

211 1513 405 1604 Ingeminant
423 1513 543 1587 crebris
561 1515 720 1585 horrentia
739 1515 862 1604 fulgura
881 1513 1027 1596 flammis,

211 1638 430 1730 immanesque
449 1647 558 1708 sonant
576 1640 720 1720 tonitms,
742 1639 886 1709 coelestis
905 1638 943 1707 ah
963 1640 1025 1709 alto

212 1762 280 1832 Ceu
299 1765 425 1853 gemino
445 1771 538 1856 rupto
555 1763 658 1833 trahat
676 1763 762 1833 orbis
780 1763 819 1832 ah
837 1783 894 1832 ane
913 1763 1048 1842 minam,

211 1883 426 1976 Adversisque
444 1887 556 1956 animis
575 1888 729 1956 elementa
748 1887 779 1954 in
799 1887 917 1977 praelia
936 1896 1074 1956 currant.

641 2244 774 2308 LXXXV

212 2507 273 2577 Sed
289 2508 355 2597 jam
373 2507 483 2596 pulcra
501 2507 572 2596 polo
591 2507 666 2575 clari
685 2507 735 2574 lan
755 2507 863 2575 nuntia
882 2507 967 2586 solis,

211 2631 325 2701 Blanda
345 2651 417 2701 suas
435 2630 542 2701 dulces
559 2631 702 2710 mittebat
720 2631 760 2700 ab
779 2631 904 2699 aethere
921 2630 1062 2700 llammas

210 2756 289 2836 Eoo,
308 2756 489 2846 ducensque
508 2755 592 2825 diem
611 2755 773 2837 lustrabat,
793 2755 912 2824 honora

211 2881 326 2950 Fronte
344 2881 457 2959 nitens,
477 2889 643 2969 terraeque
661 2879 777 2969 plagas,
799 2878 1003 2970 Thetidisque
1021 2880 1174 2972 liquores:

210 3004 316 3089 Quum
334 3005 411 3085 Dea,
432 3004 483 3073 cui
502 3003 589 3073 licuit
608 3003 716 3077 stellae
733 3003 808 3073 dare
823 3003 895 3093 jura
915 3005 1050 3094 vaganti,

109 3219 115 3234 ¹
141 3211 143 3215 v
211 3130 312 3215 Quam
331 3129 411 3219 lugit
429 3128 539 3196 armati
558 3128 719 3197 districtus
737 3126 863 3196 Orionis
881 3129 975 3207 ensis,

212 3254 244 3322 ln
262 3273 349 3323 mare
368 3252 572 3344 prospiciens,
594 3252 769 3342 charaeque
787 3249 929 3340 pericula
948 3252 1065 3329 classis,

210 3377 302 3449 Tacta
319 3385 408 3446 metu
427 3375 534 3464 riguit,
556 3374 728 3466 rubuitque
746 3393 877 3444 accensa
895 3375 1014 3445 lurore.

634 3735 780 3800 LXXXVI

210 3998 314 4069 Credo
332 3999 478 4089 equidem
495 3999 527 4068 in
547 4001 645 4068 Lusos
663 4017 753 4068 mens
771 3998 847 4068 haec
865 3999 996 4068 molitur
1014 3999 1113 4068 laochi

210 4123 328 4203 Hostis,
347 4123 401 4201 ait,
422 4123 558 4193 sednon
578 4122 704 4192 dabitur
722 4121 893 4213 procedere
912 4121 1021 4191 fraude

210 4247 366 4328 Ulterius,
385 4256 522 4338 votoque
541 4247 614 4330 lrui,
633 4247 710 4316 mihi
730 4267 856 4337 semper
873 4254 1016 4335 apertum
1035 4253 1084 4314 est
1178 4227 1188 4254 ‘

210 4371 372 4461 Quidquid
391 4380 427 4441 ut
444 4369 560 4441 officiat
577 4371 669 4441 Lusis
686 4371 869 4451 meditatur,
888 4379 920 4439 et
937 4368 1042 4438 audet.

209 4496 389 4586 Extemplo,
409 4497 459 4566 his
478 4497 569 4566 dictis
588 4497 675 4566 coelo
694 4517 727 4566 se
745 4494 849 4583 dejicit
868 4495 929 4564 alto

210 4619 245 4689 ln
263 4620 405 4711 pelagus,
425 4621 516 4713 spatii
536 4639 688 4711 magnum
705 4630 737 4689 et
756 4620 816 4689 cita
834 4617 956 4689 conficit
974 4639 1103 4710 aequor,

209 4745 316 4816 Unam
334 4765 426 4835 passa
443 4765 567 4817 moram
577 4769 585 4827 ;
607 4746 759 4836 Nymphis
777 4745 854 4815 dum
872 4744 1024 4834 praecipit
1042 4755 1154 4814 ornent

210 4869 255 4940 Ul
273 4891 353 4950 sese,
374 4879 406 4940 et
425 4871 524 4940 roseis
542 4872 666 4961 cingant
685 4892 742 4942 sua
760 4879 902 4961 tempora
921 4870 1022 4940 sertis.
