3384 5370
905 516 1059 564 tustinum:

944 773 1020 836 nvn
1097 751 1100 758 ’

481 1039 571 1130 Cepit
589 1047 620 1108 at
639 1037 712 1108 inde
731 1038 870 1107 animum
890 1035 1068 1105 dominandi
1088 1055 1217 1106 accensa
1235 1036 1343 1116 libido,

480 1165 566 1250 Quae
585 1165 740 1243 stimulos,
760 1163 877 1252 sceptri
896 1161 1074 1242 dulcedine,
1094 1160 1201 1232 subdit
1218 1162 1363 1243 acerbos3

480 1290 607 1359 Scilicet
624 1298 661 1359 ut
679 1289 783 1378 regnis
802 1287 937 1377 cupidus
955 1287 1092 1377 potiatur
1110 1286 1221 1366 Iberis,

480 1415 717 1504 dragonensem
734 1413 934 1484 Femandum
951 1421 1100 1503 provocat
1118 1413 1224 1481 annis.

481 1539 617 1610 Hostiles
636 1540 731 1630 igitur
749 1539 879 1608 veniunt
897 1539 930 1606 in
949 1537 1066 1628 praelia
1085 1545 1221 1616 turmae,

479 1665 520 1733 Et
539 1665 667 1734 collecta
685 1671 783 1732 ruunt
802 1662 934 1732 diversis
953 1662 1075 1751 agmina
1095 1661 1200 1741 terris,

481 1787 620 1857 Gadibus
638 1789 787 1856 extremis
805 1787 842 1855 ad
862 1786 997 1855 culmina
1016 1785 1097 1854 celsa
1116 1785 1265 1876 Pyrenes,

450 1891 453 1896 ⁵
479 1912 601 1997 Quanta
621 1921 715 2003 patet,
735 1923 813 1980 nutu
832 1911 998 1990 Fernandi‚
1019 1911 1165 2000 Hispania
1183 1910 1295 1998 surgit.

932 2269 1018 2332 Llllll

479 2535 547 2605 Non
565 2534 638 2606 tulit
656 2533 821 2624 impatiens
840 2533 929 2622 regni
948 2533 1025 2613 etia;
1047 2499 1206 2621 comparat
1224 2552 1311 2601 arma

479 2660 626 2740 loannes,
647 2660 793 2750 cogitque
811 2660 903 2738 acies,
920 2659 1104 2748 justumque
1123 2658 1241 2747 parenti

478 2785 640 2854 Auxilium
659 2783 774 2873 cupido
792 2783 875 2852 lerre
892 2790 1031 2872 apparat,
1051 2780 1169 2850 addidit
1188 2781 1261 2860 iras,

477 2908 608 2977 Addidit
625 2907 707 2976 haud
726 2907 864 2976 modicas
882 2905 1032 2995 pugnanti
1051 2913 1192 2994 tempore
1211 2903 1306 2973 vires.

346 3089 348 3098 .
478 3032 585 3101 Evasit
603 3031 727 3101 tandem
746 3025 919 3100 horrendae
937 3028 1117 3098 discrimina
1135 3048 1272 3118 pugnae,

479 3156 616 3226 Turbata
634 3177 696 3227 non
715 3165 820 3226 mente
839 3165 939 3246 pater,
960 3155 1016 3224 sed
1035 3154 1137 3224 lronte
1155 3174 1276 3232 serena,

479 3281 676 3370 Quamquam
695 3281 760 3350 acie
777 3281 890 3359 rictus,
910 3287 1030 3369 patrata
1050 3287 1080 3348 et
1099 3278 1192 3348 caede
1211 3285 1375 3358 omentus;

479 3405 543 3474 Sed
561 3413 664 3474 tamen
683 3404 831 3493 ambiguo
852 3403 980 3472 victoria
998 3403 1098 3472 Marte
1116 3402 1275 3492 pependit.

940 3723 1002 3822 mx

477 4027 587 4096 Martia
605 4047 677 4095 nam
694 4025 791 4116 patris
808 4025 941 4106 soboles,
963 4045 1111 4114 generosa
1128 4043 1281 4126 propago,

477 4153 580 4222 Fortis
599 4173 707 4243 eques,
727 4153 890 4242 celsusque
909 4152 1013 4232 animi,
1034 4151 1195 4242 speciosus
1212 4151 1244 4218 in
1262 4149 1369 4230 armis,

477 4276 560 4345 Ense
578 4276 694 4356 lurens,
715 4285 856 4344 sternens
875 4275 1039 4364 geminatis
1057 4274 1205 4343 caedibus
1222 4273 1356 4353 hostem,

477 4401 613 4488 Signata,
634 4419 729 4489 quam
747 4399 838 4489 longa
857 4399 934 4480 dies,
954 4399 1083 4468 statione
1102 4397 1260 4468 remansit.

476 4525 566 4594 Haud
585 4545 673 4594 secus
691 4523 855 4615 Augustus
872 4523 968 4594 dubio
987 4524 1156 4593 certamine
1174 4493 1278 4592 ¹uictus

476 4651 576 4740 Terga
595 4651 691 4729 dedit,
712 4651 877 4740 sociusque
896 4649 1051 4719 Antonius
1069 4647 1193 4738 impulit
1211 4648 1344 4725 hostem,

476 4774 558 4843 Dum
577 4775 753 4863 conjuratus
771 4774 845 4843 olim
860 4774 967 4843 videre
985 4772 1118 4862 Philippi

475 4899 537 4967 Pro
556 4917 644 4967 caeso
662 4898 790 4966 meritas
807 4900 977 4987 pendentes
995 4897 1127 4968 Caesare
1146 4917 1272 4987 poenas.
