3384 5372
600 482 688 530 tinen
707 482 809 530 NONUS

680 741 730 804 Lx

212 1004 390 1075 «Omantm
410 1011 518 1073 tenero
537 1003 667 1093 spatiosi
686 1003 828 1094 gramine
846 1005 961 1095 campi,

211 1128 353 1198 «Cedere
366 1126 569 1198 Achaemenii
588 1127 638 1197 oui
657 1125 773 1198 debent
787 1129 860 1219 y'nre
878 1137 1007 1219 tapetes,

211 1251 321 1336 «Quod
340 1253 452 1344 magis,
472 1253 505 1321 in
523 1253 644 1322 cunctis
661 1252 847 1343 speciosam,
868 1253 972 1323 reddit
990 1273 1156 1323 amoenam

186 1385 189 1390 ’
212 1377 445 1450 «Umbriteram
463 1377 589 1458 vallem,
608 1385 640 1446 et
659 1385 747 1466 grate
766 1377 932 1448 vernantia
948 1386 1048 1468 prata.

211 1501 303 1572 «Flos
320 1510 414 1592 caput
433 1501 560 1572 inolinat
579 1501 747 1592 oephisim,
769 1522 896 1583 aureus,
916 1502 991 1583 illio,

212 1626 264 1696 «ln
282 1635 440 1717 stagnum,
459 1626 594 1696 nitidrun
612 1645 738 1717 semper
756 1645 946 1719 semperque
964 1645 1128 1698 serenum:

211 1751 324 1820 «Juxta
342 1751 434 1821 tiorot
453 1749 496 1820 ibi
515 1748 650 1841 Cinyrae
668 1761 823 1842 natusque
840 1771 1015 1842 neposque,

211 1874 329 1965 «Cujus
348 1895 455 1946 amore
474 1874 599 1966 flagras,
619 1883 801 1946 tenerorum
819 1885 921 1946 mater
932 1875 1099 1947 Amorum.

620 2241 623 2248 '
671 2235 734 2296 ext

211 2496 298 2566 «Non
316 2496 398 2566 taciti
417 2496 532 2567 indioio
551 2497 655 2588 quiuis
672 2497 854 2566 disnomere
872 2507 989 2586 posset,

211 2621 263 2690 «ln
281 2623 368 2692 ooelo
386 2621 503 2692 similes
522 2642 655 2692 cernens
674 2626 822 2712 terreque
841 2622 974 2705 colores,
1085 2623 1093 2640 ⁶

210 2746 438 2817 ‹Praeberetne
456 2746 501 2816 illi
521 2745 704 2838 pudibunda
723 2766 838 2816 aurora
855 2745 1018 2828 ruborem,

210 2869 320 2940 «Anne
339 2870 426 2941 color
444 2871 514 2941 talis
532 2871 623 2941 datus
641 2870 715 2940 huie
734 2891 752 2940 a
769 2870 900 2942 ssoribns
918 2880 1010 2942 esset.

210 2993 293 3065 «illio
311 2994 482 3086 pingebant
498 2995 736 3087 Zephyrusque,
756 3005 788 3066 et
806 2995 936 3066 eandida
954 2995 1057 3078 Flora,

210 3118 376 3190 ‹Halantes
394 3119 502 3200 violas
524 3139 602 3210 quas
620 3119 724 3190 reddit
741 3119 842 3210 pallor
860 3127 1037 3202 amantum;
1162 3121 1164 3136 '

209 3242 305 3313 «Lilia
324 3242 432 3324 rubra,
452 3263 553 3325 rosas,
572 3263 649 3334 quas
667 3243 752 3319 diras
770 3243 891 3318 murice
910 3243 1035 3324 tinctor,

211 3367 344 3452 «Quues
361 3368 513 3459 effulgent
531 3367 687 3438 formosae
705 3367 737 3437 in
755 3367 887 3458 virginis
905 3388 971 3439 ore.
1037 3427 1039 3434 .

665 3726 740 3789 exn

211 3991 331 4062 «Mollis
349 3990 441 4060 ssoret
460 4008 633 4070 amaracus,
652 3989 722 4059 alba
741 3988 785 4059 ibi
804 3989 868 4058 lilia
887 3989 1010 4072 florent,

211 4113 372 4186 «Aurorae
389 4114 536 4204 lacrymis
554 4134 634 4206 quae
653 4133 744 4183 mane
763 4133 888 4204 aspersu
906 4113 1103 4195 madescunt;

210 4241 339 4312 «Tristis
357 4239 452 4330 dupla
471 4247 545 4310 nota
560 4240 709 4331 inscripta
726 4247 774 4310 est
793 4241 825 4308 in
843 4239 921 4308 floro
940 4239 1115 4330 Hyacinthi,

210 4365 365 4437 «Latonae
383 4365 487 4434 clarus
505 4385 602 4456 quem
620 4364 701 4435 mire
719 4371 811 4434 natus
829 4364 955 4434 amavit.

211 4492 364 4561 «Fructus
382 4491 407 4559 si
427 4499 561 4580 spectes,
582 4489 608 4559 si
627 4499 750 4580 speotes
768 4489 909 4579 undique
929 4489 1037 4572 flores

119 4631 122 4638 ·
210 4615 400 4686 «Pomonam
418 4623 450 4684 et
468 4612 608 4684 Chlorim
627 4615 711 4684 inter
729 4634 763 4685 se
781 4623 917 4684 certasse
936 4613 1072 4704 putabis.

210 4738 310 4811 «Aere
328 4739 407 4809 dum
424 4739 505 4810 laete
524 4739 665 4819 volitant,
687 4747 875 4830 cantantque
895 4740 1051 4821 volueres

211 4863 366 4935 «Saltibus
384 4872 415 4936 et
434 4864 552 4958 eampis
570 4863 714 4934 animalia
733 4865 812 4934 laeta
831 4872 995 4954 vagantur.
