3384 5372
574 458 665 504 LIBEII
683 454 823 505 OCTAVUS

623 675 626 681 ’
650 715 739 778 xcu

198 980 352 1049 Providus
372 980 424 1048 hic
443 981 557 1050 ductor
575 987 696 1060 noster,
716 979 887 1071 lentusque
905 988 1060 1060 moratur,

198 1105 381 1174 Obseruuus
400 1103 477 1195 quid
499 1103 559 1172 Iata
578 1103 689 1185 ierant,
710 1105 786 1194 quid
805 1113 948 1194 tempora
967 1111 1157 1184 monstrent,

196 1230 263 1299 Nec
278 1231 344 1321 jaur
364 1230 478 1298 rectori
499 1199 606 1319 populi
625 1250 660 1299 se
681 1228 782 1305 crodit
801 1249 906 1310 avaro,

197 1357 300 1440 Queru
319 1363 457 1446 turpem.
478 1364 510 1422 ct
529 1357 628 1426 multo
648 1364 836 1446 corruptum
856 1365 987 1424 uouerat
1006 1377 1094 1426 auro.

196 1481 287 1552 Nunc
306 1503 374 1573 age,
395 1482 538 1572 dispiciat
558 1482 736 1552 vuimars
757 1482 856 1563 auxia,
878 1490 1032 1574 quantum

92 1611 99 1618 '
196 1607 354 1676 MercedIs
372 1607 482 1688 valeat,
504 1607 646 1698 lucrique
665 1607 775 1677 insana
795 1607 919 1697 cupido

196 1732 327 1802 Pectora
346 1753 403 1802 seu
423 1733 533 1814 ditum,
555 1753 612 1803 seu
630 1742 757 1822 pectora
776 1732 880 1824 pulset
900 1733 1007 1823 egeni:

196 1855 248 1927 Sic
266 1877 323 1927 uos
341 1877 436 1948 saepe
454 1867 570 1940 movet,
586 1859 699 1927 suadet
718 1857 763 1927 sic
777 1857 880 1928 omnia
901 1855 1040 1928 lucrum!

643 2217 744 2282 XCVII

195 2482 360 2552 IIrreicius
377 2483 525 2573 princeps
544 2480 736 2571 Polydorum
751 2480 908 2560 interficit,
930 2501 994 2551 uuo

195 2607 334 2698 Ingentis
353 2607 457 2676 studio
475 2606 617 2676 thesauri
637 2605 784 2674 inductus
802 2604 951 2674 habeudi.

195 2733 302 2804 Ardua
323 2733 462 2802 munitae
481 2741 632 2823 penetrat
649 2732 768 2822 fastigia
790 2731 887 2801 turris

196 2857 311 2928 Acrisii
330 2849 450 2928 iu'Iusus
469 2857 591 2948 gremio
609 2866 703 2926 natae
722 2876 839 2926 aureus
858 2854 973 2924 imber.
1087 2873 1099 2904 s

195 2983 325 3052 Perdita
344 2983 389 3053 sic
407 2983 484 3052 uitio
502 2981 636 3073 Tarpeia
655 2979 772 3051 exarsit
789 2999 893 3060 avaro,

197 3107 347 3179 Hostibus
365 3116 410 3190 ut,
430 3107 521 3176 nitidi
540 3115 647 3197 optata
668 3106 819 3176 mercede
838 3103 969 3186 metalli,

194 3232 372 3303 Tradiderit
391 3232 494 3302 celsae
513 3229 825 3322 Rornaedapitolia,
846 3229 979 3311 turrim;

195 3357 273 3428 Auri
295 3360 362 3440 sed,
382 3358 507 3440 merito,
527 3358 660 3450 projecti
680 3357 764 3428 mole
783 3356 907 3448 perivit.

639 3717 751 3780 xcttss

196 3985 263 4055 Hoc
284 3985 362 4053 altas
381 3993 498 4062 turres,
520 3983 661 4051 munitas
682 3981 778 4050 diruit
798 3999 895 4060 arces,

194 4111 416 4200 perfidiaeque
435 4129 517 4190 reos,
538 4117 569 4177 et
589 4107 682 4178 falsos
703 4105 809 4175 reddit
827 4105 960 4186 amIcos;

195 4237 299 4326 Saepo
318 4235 403 4305 viros
423 4234 525 4305 claros
544 4242 672 4324 patrare
695 4231 820 4322 indigna
840 4231 952 4322 coegit,

195 4361 297 4450 Saepe
318 4359 418 4429 ducos
436 4359 535 4430 Iortes
555 4339 669 4450 ignavo
689 4357 820 4426 tradidit
838 4356 937 4425 hostI:

195 4486 364 4577 Virgineus
383 4485 484 4576 carpit
503 4487 657 4556 scelerato
676 4484 789 4575 pollice
807 4483 912 4561 flores,

194 4611 260 4680 Nec
282 4609 409 4680 decoris
429 4630 569 4701 puraeve
590 4611 679 4680 tiuiet
698 4607 881 4679 discrimina
901 4607 1011 4684 fauiae,

195 4735 420 4828 Depravatque
438 4746 535 4818 artes,
557 4746 588 4806 et
608 4739 721 4806 doctae
741 4734 857 4804 meritis
876 4733 1025 4810 horrores,

194 4840 320 4932 Iudicio
339 4883 434 4952 saepe
453 4861 606 4942 officiens
627 4867 799 4950 sanctoque
818 4856 945 4950 pudori.
