3394 5372
625 447 713 494 nrnnn
732 446 864 502 oumrrs

702 707 791 769 XCVI

250 969 333 1039 Dum
352 967 457 1038 subdit
475 968 599 1048 Caesar,
618 971 770 1038 mavortia
789 977 926 1059 pectora,
948 968 1064 1048 Gallos,

249 1093 318 1164 Non
337 1093 407 1163 telis
424 1093 475 1163 uel
494 1093 608 1183 scripta
626 1101 750 1173 nocent,
771 1092 823 1162 vel
841 1091 961 1182 spicula
979 1091 1080 1172 libris,

250 1216 355 1287 Altera
373 1238 446 1286 nam
464 1216 601 1307 gladium
621 1217 759 1306 praelert
777 1237 901 1298 manus,
922 1217 1018 1288 altera
1036 1237 1184 1306 pennam,

250 1343 376 1412 Scilicet
393 1341 546 1432 aequabat
564 1340 748 1413 Ciceronem
765 1341 897 1412 fulmine
913 1341 1048 1432 linguae.

249 1465 428 1558 Scipiadam
446 1475 579 1547 constat,
595 1467 782 1556 jungentem
801 1467 883 1536 seria
901 1466 995 1548 ludis

251 1591 426 1664 Compedes
444 1593 527 1662 inter
545 1593 673 1662 solitum
692 1591 882 1662 contendere
900 1611 1007 1664 socco:

250 1718 366 1787 Fertur
384 1716 559 1787 Alexander
578 1724 641 1786 tam
660 1716 805 1786 versibus
823 1736 891 1787 esse
910 1716 1052 1807 legendis

250 1839 401 1922 lntentus,
421 1839 501 1912 lorct
518 1849 554 1910 nt
572 1841 666 1930 capiti
685 1841 830 1930 pulvinar
848 1841 1018 1912 Homerus.

694 2149 808 2263 xcvn

247 2463 383 2532 nlartius
401 2463 485 2532 hand
503 2484 643 2552 unquam
661 2463 725 2532 dux
744 2466 861 2533 exstitit
880 2463 1014 2553 inclytus
1032 2467 1129 2534 armis

252 2587 313 2671 Qui
332 2587 413 2657 loret
432 2608 449 2656 a
467 2588 578 2657 studiis
596 2586 728 2682 alienus,
749 2595 780 2656 et
798 2597 866 2658 arte
883 2587 1054 2668 Minervae,

252 2711 316 2781 San
334 2712 452 2792 Latius,
472 2711 650 2782 Graeousve
668 2711 757 2792 toret,
779 2731 835 2781 seu
852 2710 1008 2782 barbarus
1026 2711 1077 2782 ille

252 2835 425 2925 Sanguine;
445 2835 602 2906 Lusomm
620 2835 676 2905 sed
694 2844 728 2903 tn
747 2844 851 2906 tamen
870 2837 977 2926 excipe
996 2843 1136 2927 gentem;

252 2961 293 3030 Et
310 2982 502 3052 quamquam
519 2962 617 3052 pudet
635 2961 711 3030 beul
733 2961 847 3043 lateor;
868 2965 944 3054 quin
963 2963 1102 3032 carmina
1119 2963 1210 3031 multi

253 3084 407 3167 Oderunt,
427 3084 616 3176 Phoeboque
634 3094 748 3176 negant
766 3084 890 3156 afflante
908 3087 996 3168 cieri,

253 3209 344 3294 Quod
357 3209 475 3301 passim
492 3229 642 3280 muneres
660 3211 795 3291 rideant,
816 3219 848 3282 et
866 3211 1004 3282 carmina
1022 3215 1133 3282 temni:

254 3333 356 3417 Quem
372 3334 447 3404 latet
466 3355 527 3416 ars,
548 3334 634 3404 illam
652 3343 683 3406 et
701 3335 839 3424 pretinm
859 3355 985 3426 quoque
1003 3335 1136 3427 despicit
1154 3337 1239 3406 artis.

692 3692 805 3756 norm

254 3957 308 4026 Sic
327 3957 435 4047 igitur,
455 3976 517 4025 non
537 3955 651 4045 ingenii
670 3955 809 4026 delectus
828 3957 995 4039 Homeros

254 4081 466 4172 Virgiliosque
485 4090 566 4150 vetat
585 4081 669 4172 lysiis
687 4081 853 4152 lloroscere
871 4082 978 4150 terris:

255 4206 338 4290 Quin
355 4207 463 4286 timeo,
483 4227 554 4276 mos
572 4208 630 4276 iste
648 4206 733 4296 viget
751 4207 777 4275 si
795 4205 959 4285 barbarus,
980 4207 1055 4275 olim

255 4331 441 4421 Aeneaeque
458 4331 538 4420 pioS,
557 4339 588 4400 et
606 4330 741 4400 Achilles
759 4329 878 4410 delore,
898 4329 972 4400 belli

255 4454 415 4526 Fulmina:
437 4454 585 4545 quodque
603 4457 703 4544 magis
721 4453 932 4542 lacrymabile,
956 4456 1084 4546 contigit
1102 4455 1163 4527 illis

254 4579 390 4651 indocile
408 4581 581 4670 ingenium,
601 4581 791 4670 durumque,
812 4589 842 4649 et
860 4582 964 4650 nescia
981 4581 1105 4671 pulchri

223 4711 226 4715 ’
254 4707 384 4786 Natura,
405 4715 437 4777 et
454 4707 525 4776 talis
543 4706 680 4776 devincit
697 4715 824 4796 pectora
842 4715 962 4796 torpor,

257 4831 301 4902 Ut
318 4832 396 4901 nibil
414 4831 543 4921 ingenii,
563 4839 594 4899 et
613 4829 712 4900 lamae
730 4839 935 4901 monumenta
954 4842 1127 4902 morentur.
