3406 5378
904 515 1062 570 tustanus

941 777 1027 842 XLV

487 969 549 1056 Qui
567 968 660 1060 patrii
678 987 795 1048 mares,
817 987 877 1060 qua
897 967 968 1057 lege
987 973 1018 1036 et
1037 963 1181 1060 principe
1199 961 1327 1032 vivant?

435 1159 517 1224 Deest
536 1159 700 1244 praepositio
719 1159 768 1222 auh
782 1170 845 1221 aute
859 1159 889 1220 τὸ
903 1157 1036 1242 principe.
1056 1155 1198 1218 Dicerem:

486 1353 573 1440 Ques
593 1359 698 1422 servet
715 1370 835 1433 mares
856 1357 888 1420 et
907 1371 970 1443 qun
989 1347 1048 1420 sub
1066 1349 1211 1441 principe
1230 1347 1323 1416 vivat.

431 1543 487 1608 Sed
501 1555 568 1608 tunc
582 1543 616 1608 de
630 1543 691 1626 lege
703 1543 808 1606 mentio
821 1561 878 1606 nun
893 1543 980 1605 lieret.

991 1815 1089 1880 XLlll

482 2001 641 2074 Eridanus
659 2001 822 2093 lacrymat,
843 2001 898 2072 llet
917 1999 1129 2092 Lampethusa
1149 1997 1325 2070 cadentem.

428 2197 459 2257 τὸ
470 2195 658 2278 Lampethusa
668 2213 767 2258 uersus
781 2195 943 2256 hexameter
956 2213 1011 2256 non
1025 2193 1137 2276 recipit,
1154 2195 1221 2276 qula
1235 2191 1358 2256 secunda
1370 2193 1479 2276 syllaba
1491 2193 1573 2258 nami·

375 2294 420 2356 uis
433 2293 526 2356 brevis
540 2305 591 2356 est.
609 2291 756 2356 Macellum
770 2293 895 2373 corrigas
909 2291 1049 2354 scribens:

489 2528 521 2547 ..
539 2477 657 2568 ‚plorat
674 2475 853 2546 Phaethusa
874 2473 1052 2556 cadentem,

353 2701 354 2706 ¹
427 2668 611 2768 adstipulante
627 2667 726 2733 Ouidio
745 2667 809 2730 het.
828 2667 847 2730 l.
866 2687 934 2742 rar.
948 2665 1018 2730 ele.

910 2978 1042 3046 XLlllll

426 3162 534 3226 Primos
548 3163 617 3226 duos
631 3181 728 3225 sersus
740 3160 780 3226 sie
794 3171 904 3225 mutare
918 3161 1041 3225 audebo:

415 3387 419 3394 ·
477 3347 607 3416 Illarum
624 3366 731 3428 rocas,
752 3354 782 3416 et
800 3347 895 3416 lintea
914 3353 997 3416 mula
1013 3345 1177 3436 jubebant,

476 3471 522 3544 Ut
539 3470 644 3541 risum
663 3479 711 3542 est
729 3472 860 3553 eunctis,
881 3479 1049 3542 currentes
1069 3471 1180 3541 sistere
1199 3491 1303 3543 nares.

962 3779 985 3841 1.

475 3861 560 3934 Dum
577 3861 727 3932 hilares..
744 3914 752 3930 .
769 3913 825 3938 ...

421 4052 533 4117 Potius:

473 4236 558 4308 Dum
576 4237 661 4310 laeti.
948 4331 989 4394 Η

480 4567 487 4584 .
505 4514 670 4586 ..ardenti
691 4513 783 4606 cujus
802 4516 846 4586 sia
863 4515 990 4586 urimur
1008 4517 1085 4608 igni.

417 4704 466 4768 Uri
481 4705 539 4788 igni
553 4707 661 4772 ardenti
676 4707 711 4770 de
723 4727 853 4782 venerea,
863 4726 920 4770 nan
930 4707 964 4771 da
977 4709 1091 4772 honeste
1103 4728 1198 4774 umnre
1212 4709 1265 4774 dici
1281 4710 1358 4774 salet.
1371 4710 1566 4776 Praetulerim:

481 4889 666 4958 ...ardenti
687 4891 737 4958 cni
756 4889 802 4958 sle
820 4875 970 4979 paremus
988 4911 1108 4966 amere.
