3406 5378
602 473 722 521 caurus
744 471 887 522 novamus

711 729 781 790 Llll

251 992 295 1062 Os
312 991 428 1061 malum
447 997 611 1079 granatum
629 992 741 1080 aperit,
762 1001 982 1084 monstratque
1000 994 1149 1065 ruborem

250 1117 320 1201 Quo
338 1116 516 1186 llammante
534 1124 596 1186 tuae
613 1125 748 1207 pereunt
767 1116 958 1189 carbunculo
975 1120 1082 1210 ignes:

250 1242 345 1312 Grata
363 1243 445 1311 inter
463 1243 543 1312 uotis
561 1261 595 1312 se
613 1241 739 1312 brachia
759 1241 894 1334 perjieit,
913 1244 991 1314 ulmi

199 1447 201 1452 ¹
251 1367 407 1457 Purpurat
425 1367 498 1436 hine
516 1368 568 1437 alii
588 1368 655 1438 aliis
673 1368 754 1438 viret
773 1369 848 1440 inde
868 1372 1003 1440 racemis

251 1489 315 1560 llos
333 1491 425 1580 Pyra,
446 1491 651 1580 Pyramidum
670 1491 778 1561 latiam
796 1493 973 1576 referentia,
996 1503 1114 1564 vestras

251 1615 366 1685 Vivere
384 1615 541 1695 foecunda,
563 1616 589 1684 si
608 1635 664 1686 vos
681 1615 768 1706 juvat
785 1616 898 1687 arbore
917 1619 990 1688 vitis

250 1738 328 1821 Quae
345 1738 471 1827 pariunt
489 1738 636 1808 uolucres
656 1741 779 1809 damnis
796 1760 852 1810 ves
870 1741 991 1811 credite
1008 1745 1121 1826 vestris

251 1863 396 1933 lnelinata
416 1864 466 1933 cui
484 1872 593 1953 partus
613 1865 724 1933 rostris
743 1865 877 1956 periisse
898 1867 1055 1958 malignis.

720 2224 776 2285 tx

251 2484 334 2568 Quid
353 2486 449 2554 decus
465 2486 618 2554 ornatus‘l
636 2484 759 2574 speeies
779 2487 855 2575 quid
874 2485 1008 2576 pulchra
1026 2491 1192 2578 tapetum‘l

251 2609 386 2680 lneultus
405 2609 458 2699 qui
477 2610 589 2678 sternit
607 2628 710 2699 agros,
732 2627 942 2700 campumque
961 2615 1114 2680 eoronatl

251 2733 343 2826 Cogit
361 2735 621 2805 Aehaemenidum
640 2735 746 2804 minus
763 2743 799 2804 ut
817 2737 857 2805 sit
875 2736 967 2827 digna
988 2736 1130 2827 supellex

252 2859 343 2950 Cogit
360 2869 396 2929 ut
413 2858 573 2929 umbrosae
592 2861 632 2930 sit
652 2859 740 2930 vallis
758 2859 912 2930 amoenior
928 2881 1018 2930 usus.

253 2982 317 3052 lllie
336 2992 446 3073 stagna
465 3003 564 3073 super
582 2982 662 3054 laeie
681 2986 800 3053 radiata
820 3004 932 3054 serena

252 3107 484 3197 Languidulum
502 3115 595 3198 eaput
614 3108 742 3178 inclinat
759 3108 909 3178 Narsisus
927 3109 959 3178 in
977 3111 1089 3190 undas,

252 3230 345 3300 Flore
362 3233 441 3301 viret
459 3230 582 3322 Cynirae
600 3241 755 3323 natusque
774 3251 936 3323 neposque
955 3235 1090 3303 nonanti

253 3356 353 3438 Quem
371 3356 420 3425 vel
439 3355 540 3424 adhue
559 3355 718 3444 Cytherea
738 3356 794 3426 tilii
813 3365 848 3426 tu
868 3357 988 3448 plangis
1008 3359 1172 3448 adempti,

714 3717 784 3778 LXl

252 3976 419 4068 Aspiciens
438 3977 558 4047 similes
577 3976 675 4058 Coelo,
695 3987 846 4069 terraque
865 3980 987 4049 colores

252 4101 399 4191 Anrhigat
417 4111 452 4172 ut
471 4101 576 4172 dubiae
595 4105 794 4192 suspendens
813 4106 954 4193 pondere
973 4106 1086 4175 mentis

190 4257 193 4263 ·
252 4226 398 4297 Floribus
417 4226 573 4297 attribuat.
584 4248 660 4297 num
679 4226 811 4317 pulchra
830 4228 953 4298 Aurora
971 4231 1112 4299 virentes

251 4349 301 4418 An
321 4351 434 4420 relerat
452 4351 592 4441 pulchris
611 4354 628 4420 al
648 4351 782 4421 lloribus
800 4352 852 4422 illa
871 4353 1015 4422 toleres?

252 4475 344 4545 Flora
363 4476 424 4546 illic
442 4476 660 4568 Zephirusque
678 4475 773 4546 simul
792 4477 934 4547 certabat
951 4485 1113 4548 amantum

251 4599 406 4668 Pallentes
424 4600 523 4670 violas
541 4600 671 4690 proprio
690 4601 814 4690 signare
834 4602 942 4672 colore

251 4723 326 4792 Lilia
345 4725 441 4794 rubra
459 4728 589 4806 micant;
610 4724 720 4794 orbem
739 4725 824 4795 llosa
842 4727 953 4817 pandit
973 4747 1142 4798 amoenum.

251 4847 411 4937 l'irginels
432 4869 489 4918 een
510 4858 579 4918 nata
600 4849 706 4940 genis·
719 4868 791 4918 cum
809 4860 966 4942 purpurat
984 4872 1050 4922 ora.
