3440 5392
568 491 658 540 trena
677 491 836 540 SECUNDUS

671 748 734 811 Lrv

208 1011 306 1095 Quam
326 1031 436 1081 cernes
453 1011 527 1080 belli
546 1011 677 1102 pelagus
695 1011 817 1082 lervere
834 1011 983 1094 tumultu,

209 1137 309 1220 Quum
329 1138 390 1206 ciet
409 1157 569 1206 armorum
588 1135 753 1206 metuenda
772 1136 912 1206 incendia
931 1137 1042 1216 Lusus,

209 1262 372 1352 Captivum
392 1262 530 1332 reterens
549 1262 671 1344 Indum,
690 1263 898 1352 Maurumque
918 1263 1065 1340 ferocem,

208 1386 314 1457 Victor
333 1407 428 1477 agens
445 1388 546 1456 claros
564 1387 687 1456 diversa
705 1408 723 1456 e
742 1397 833 1477 gente
852 1387 1038 1477 triumphos

208 1509 345 1600 Accipiet
364 1496 493 1600 proprio
509 1511 585 1600 juga
604 1509 818 1580 Chersonesus
836 1512 866 1579 in
886 1531 979 1581 auro:

153 1625 157 1632 ’
208 1633 365 1726 Quidquid
386 1633 425 1703 ad
443 1645 601 1704 extremos
618 1646 733 1725 pontus
750 1635 831 1704 lavat
848 1655 984 1725 aequore
1001 1635 1102 1715 Sinas,

207 1759 342 1828 Plurima
363 1778 505 1848 quaeque
525 1760 604 1828 mari
625 1779 692 1828 sese
712 1759 810 1828 insula
829 1767 980 1828 monstrat
998 1759 1075 1840 Eoo,

207 1883 304 1954 lotus
322 1889 353 1954 et
372 1882 527 1964 Oceanus,
547 1884 631 1953 Luso
649 1883 770 1974 parebit
788 1883 900 1954 oranti.

677 2241 842 2346 LV,

208 2505 341 2576 Virtutis
359 2513 560 2576 monumenta
578 2523 653 2575 suae
673 2504 757 2597 (mea
774 2504 872 2598 nata)
890 2505 1064 2594 relinquent

208 2629 302 2712 Talia,
322 2637 359 2699 ut
376 2631 531 2699 humanae
550 2639 699 2719 superent
717 2629 837 2720 fastigia
855 2628 965 2710 lamae,

208 2754 312 2848 Atque
332 2755 410 2825 adeo
426 2777 483 2846 par
499 2756 584 2824 nulla
602 2754 688 2826 orbis
706 2757 833 2845 regione
850 2755 981 2845 patebit,

210 2879 349 2951 Gadibus
367 2879 405 2949 ad
424 2881 565 2970 Gangem
585 2900 664 2970 quae
682 2879 821 2951 tenditur
839 2899 987 2969 aequore,
1008 2882 1117 2960 virtus,

208 3003 249 3073 Et
267 3024 349 3095 quae
367 3025 401 3074 se
418 3006 537 3075 Boreae
555 3007 735 3096 oppositum
752 3004 899 3074 dillundit
916 3004 947 3072 in
962 3002 1129 3086 Austrum3

210 3128 307 3219 idque
326 3130 375 3199 sui
394 3130 551 3220 specimen
568 3130 671 3199 Lusus
689 3129 774 3199 dabit
793 3131 905 3219 igneus
922 3130 979 3210 ira,

208 3251 252 3324 Ut
271 3273 487 3343 quoscumque
505 3255 580 3324 olim
598 3253 678 3323 lama
697 3253 898 3324 celebraverit
916 3252 1013 3334 011111,

209 3376 260 3458 Hi,
281 3377 354 3446 licet
373 3379 404 3446 in
422 3379 504 3447 ritae
523 3386 707 3448 revocentur
725 3377 855 3458 lumina,
876 3378 998 3448 cedant.

674 3735 735 3799 tvl

210 3999 294 4070 llaec
312 3999 367 4069 rabi
387 3999 479 4079 dieta,
500 4017 624 4069 sacrum
642 3998 722 4069 Maia
737 3996 826 4089 jubet
845 3999 892 4067 ire
909 4016 966 4088 per
985 4017 1077 4067 auras

210 4124 243 4193 ln
262 4134 362 4194 terras
382 4127 534 4214 genitum,
555 4132 722 4214 tutumque
741 4123 771 4191 in
790 4122 895 4191 littore
913 4131 1042 4211 portum

214 4249 395 4339 Praeparet,
415 4257 450 4318 ut
468 4250 582 4330 classis,
602 4248 688 4318 nullo
707 4269 855 4318 concussa
873 4248 999 4328 timore,
1026 4283 1032 4296 ·

210 4375 345 4445 Molliter
364 4376 394 4442 in
413 4377 533 4465 gremio
552 4373 677 4443 tandem
696 4375 870 4464 requiescat
888 4373 1005 4454 amico;

210 4499 256 4570 Ao
275 4503 301 4568 si
320 4499 400 4569 lorte
418 4500 539 4589 ingrata
558 4499 670 4568 ducem
688 4497 864 4569 Mombassa
882 4506 1034 4578 moretur,

211 4623 252 4693 Et
270 4645 349 4694 nora
369 4623 536 4694 succedant
554 4623 673 4693 ratibus
692 4623 870 4693 discrimina
888 4623 989 4701 Lusis,

211 4747 359 4840 Imperat,
381 4748 410 4816 in
430 4749 547 4818 somnis
565 4767 675 4817 secura
694 4757 729 4818 ut
747 4747 852 4815 littora
870 4753 1032 4826 monstret,

212 4873 268 4942 Est
287 4873 340 4943 ubi
361 4881 446 4942 00111
465 4874 565 4964 quies,
587 4874 741 4963 statioque
759 4878 862 4962 optata
881 4869 1013 4938 viarum.
