3384 5370
638 493 730 540 innan
750 494 880 541 rannus

688 751 832 814 LXXXIV

265 1012 352 1082 lllum
372 1012 425 1081 atti
444 1021 576 1093 montes,
598 1033 734 1103 oraeque
754 1015 886 1104 imposta
905 1016 1041 1084 marinae

264 1134 405 1204 Culmina
424 1135 594 1216 fleverunt;
615 1138 787 1226 stagnantia
806 1137 933 1206 flumina
952 1137 1035 1207 iatos'

263 1259 371 1330 Effusa
389 1261 420 1329 in
438 1279 575 1350 campos,
596 1269 659 1329 sata
679 1261 759 1330 laeta
777 1281 944 1352 aspergere
963 1263 1096 1353 lymphis

264 1385 343 1454 Sunt
361 1386 424 1454 visa
443 1394 474 1456 et
493 1384 646 1476 iacrymas
664 1387 695 1455 in
716 1387 832 1456 vitreos
851 1386 967 1458 ducere
986 1391 1080 1459 rinos.

263 1510 372 1581 Martia
391 1509 445 1580 sed
465 1513 556 1581 tantis
574 1531 607 1582 se
627 1512 724 1601 gloria
744 1513 867 1580 sustulit
886 1513 942 1582 alis

264 1632 426 1724 Alphonsi,
445 1636 589 1704 attalem
608 1636 732 1726 peperit
751 1636 809 1705 sibi
828 1637 954 1706 nomino
975 1637 1099 1718 tamam,

263 1758 375 1846 Pergat
391 1767 427 1827 ut
445 1759 533 1828 elatis
550 1779 678 1850 semper
695 1760 882 1829 clamoribus
900 1761 979 1830 eobo
1000 1793 1004 1800 ·
1146 1733 1151 1740 ⁵

265 1882 466 1974 Xiphonsum
489 1884 695 1975 dlpbonsum,
718 1885 773 1954 sed
792 1885 917 1966 frustra,
940 1889 969 1956 in
988 1896 1058 1957 vota
1074 1908 1196 1958 rebare.

691 2243 823 2306 LXXXV

264 2505 391 2575 Sanoius
410 2515 440 2575 at
458 2507 537 2596 patri
556 2505 666 2574 similis
685 2505 811 2585 virtute,
831 2515 1003 2595 superstes,

263 2629 418 2720 Atpbonso
436 2630 562 2720 dignam
581 2631 635 2720 qui
651 2631 717 2721 jam
735 2649 769 2700 se
787 2631 966 2700 ostenderat
984 2641 1066 2710 ante,

263 2753 457 2844 Progeniem,
477 2755 565 2823 sactis
585 2753 636 2823 ilio
653 2755 788 2833 vivente,
809 2756 949 2843 patratis

262 2878 418 2968 Sanguine
438 2897 537 2968 quum
554 2879 657 2948 Baetis
675 2878 811 2988 placidos
829 2877 975 2948 iniecerat
993 2879 1102 2959 undas

261 3003 423 3074 Horrenda
441 3004 611 3094 profligans
629 3003 812 3074 Maurorum
831 3003 955 3093 agmina
974 3004 1072 3084 clade,

259 3129 363 3214 Quum
381 3127 536 3198 subvertit
554 3148 642 3219 opes,
662 3148 792 3216 magnas
810 3129 956 3218 viresque
975 3129 1103 3218 refregit

164 3225 167 3232 ¹
259 3253 352 3343 Regis
371 3254 507 3344 agareni,
528 3253 584 3343 qui
602 3253 722 3322 baetim
741 3261 861 3344 sceptra
880 3252 1017 3336 tenebat,

259 3377 426 3468 Quumque
444 3377 550 3446 hostes
567 3377 652 3446 susos
670 3378 733 3446 Pax
751 3377 843 3457 Julia,
863 3377 974 3460 libera,
995 3379 1087 3462 ridit;

679 3735 824 3802 LXXXVI

256 4001 299 4070 Ut
317 4003 416 4070 tenuit
433 4010 605 4092 sceptrum,
624 4001 777 4092 regnique
795 4003 914 4090 reoepit
932 4001 1077 4082 habenas,

255 4124 339 4195 Juris
356 4125 458 4197 adhue
475 4126 608 4218 soliique
626 4147 745 4208 reeens,
767 4125 805 4196 ad
823 4127 946 4196 moenia
965 4125 1065 4195 Sitves

254 4249 409 4322 Admovet
426 4260 561 4322 armatas
578 4254 670 4334 acies,
689 4261 781 4342 atque
798 4251 920 4322 obsidet
938 4250 1062 4330 urbem,

254 4374 352 4466 Cujus
370 4385 437 4446 arat
454 4376 583 4447 Maurus
600 4397 711 4448 seouro
728 4395 857 4446 vomere
876 4393 1012 4465 campos.

253 4498 366 4568 Attulit
384 4500 536 4569 auritium
554 4501 660 4570 elassis
679 4500 873 4578 Germanica,
893 4499 1005 4568 florem

254 4625 339 4708 Quae
354 4624 519 4716 juvenum,
539 4625 699 4715 roburque
716 4626 833 4704 virum,
852 4625 997 4715 viresque
1015 4623 1148 4694 vehebat

253 4747 390 4828 Arcturi,
409 4751 556 4819 amissam
573 4749 771 4840 Solymomm
789 4756 825 4817 ut
843 4747 990 4818 redderet
1006 4747 1118 4818 urbem

254 4869 447 4992 Cbrbtiadis,
467 4873 552 4943 lusos
569 4873 729 4964 compulsa
748 4873 897 4943 aooedere
915 4882 1035 4964 portus.
1106 4877 1111 4889 '
