3394 5372
596 472 685 519 einen
703 471 821 518 sexrrs

663 727 750 789 xCVl

188 992 279 1061 ,Non
298 992 398 1082 opulis
414 1011 542 1082 semper
561 992 662 1070 lautis,
684 1011 876 1081 semperque
896 993 1028 1069 noratis,

201 1117 278 1186 Non
297 1117 381 1186 molli
401 1125 432 1186 et
451 1118 549 1186 iracto
567 1117 680 1186 lasciva
697 1136 755 1206 per
774 1116 837 1186 otia
855 1136 967 1205 passu;

201 1241 280 1309 Non
299 1241 392 1309 variis
411 1241 494 1310 ludis
512 1241 602 1330 queis
620 1241 735 1330 gaudet
754 1240 866 1310 blanda
884 1239 1038 1328 voluptas,

203 1365 279 1435 Non
297 1366 369 1436 sinit
387 1375 418 1435 el
436 1374 545 1456 turpes
563 1367 658 1436 animi
678 1384 879 1456 compescere
896 1373 1013 1445 motus,

204 1489 412 1580 Enerratque
430 1509 486 1558 sua
505 1490 600 1558 nimia
620 1489 785 1558 dulcedine
803 1489 916 1571 robur;

206 1614 279 1683 Non
299 1613 392 1682 sortis
409 1613 537 1683 tandem
555 1612 671 1682 blando
689 1633 845 1704 caecoque
865 1613 982 1693 lavore,

208 1739 298 1820 Quae
317 1759 378 1808 non
396 1738 550 1828 permittit
568 1755 759 1827 quemquam
782 1736 972 1806 contendere
990 1737 1082 1806 firme

208 1863 281 1944 Quo
298 1862 399 1931 virtus
417 1871 519 1942 vocat,
539 1861 737 1951 beroumque
756 1861 898 1952 exempla
916 1835 1072 1952 priorum.

654 2221 755 2284 xcvu

212 2483 268 2551 Vir
285 2483 388 2552 bonus
406 2492 437 2551 at
455 2491 573 2562 contra,
594 2483 743 2573 quaesitis
761 2481 875 2552 robore
895 2482 1022 2551 dextrae

178 2701 187 2714 Ι
211 2607 355 2697 Fulgebit
373 2607 508 2708 propriis
525 2609 658 2689 meritis,
679 2616 898 2696 constansque,
918 2627 1031 2697 sopore

209 2733 362 2814 Excusso,
383 2741 415 2802 et
432 2734 561 2823 chalybe
580 2733 717 2814 indutus,
739 2732 938 2802 rutilantibus
956 2736 1062 2812 armis,

209 2858 346 2946 Spomet
365 2866 530 2926 ventorum
549 2857 680 2936 rabiem,
700 2856 878 2946 fluctusque
897 2865 1056 2926 sonantes:

209 2980 307 3070 inque
321 2979 429 3050 Austri
448 2981 580 3070 gremio,
600 2989 631 3050 et
649 2982 742 3050 terris
759 2981 814 3050 ubi
833 2980 939 3050 nullus
958 2982 1081 3070 apricus

210 3106 267 3174 Est
285 3105 381 3184 locus,
403 3107 517 3175 invicto
536 3105 697 3194 superabit
716 3107 874 3175 horrentia
893 3125 987 3174 sensu

211 3229 350 3318 Frigora,
369 3239 597 3319 corruptusque
616 3230 702 3298 cibos
721 3230 837 3319 glutire
856 3239 994 3320 paratus,

210 3356 297 3438 eros
315 3353 440 3423 condire
460 3355 536 3423 solet
555 3354 644 3423 duris
661 3355 809 3443 patientia
829 3354 934 3424 rebus.

649 3713 760 3776 xcvlu

210 3975 292 4045 Talis
309 3976 475 4066 pallentem
495 3976 610 4065 poterit
628 3996 815 4066 componere
835 3977 958 4045 vultum

210 4099 244 4166 ln
261 4099 378 4168 laetum
396 4109 428 4168 et
446 4099 569 4180 sortem,
590 4100 674 4169 nulla
693 4099 858 4168 tormidine
878 4099 1007 4178 fractus,

209 4223 359 4304 Cernens,
380 4243 459 4313 quae
478 4223 614 4292 stridens
632 4223 812 4293 diverberat
830 4227 913 4304 aira,
935 4223 1090 4314 glandem,

209 4347 334 4438 Abripit
352 4356 383 4417 et
401 4349 523 4418 comitis
540 4347 590 4416 vel
610 4367 715 4426 crura,
736 4355 790 4416 aut
808 4346 936 4417 brachia
954 4367 1072 4417 secum.

209 4472 261 4542 Sic
279 4472 394 4541 callum
412 4471 540 4542 obducit
557 4490 745 4560 generosum
763 4481 872 4561 pectus
890 4471 1029 4551 honoris

208 4597 299 4681 Quod
318 4599 486 4668 contemnit
503 4617 589 4687 opes
611 4598 797 4687 popularem
816 4598 936 4686 spernit
954 4604 985 4666 et
1004 4617 1123 4676 auram,

208 4723 294 4807 Quas
311 4723 434 4793 iortuua
453 4724 530 4792 solet
549 4745 645 4812 prave
664 4723 834 4793 concedere
853 4719 971 4793 multis.

208 4848 275 4917 Non
296 4869 374 4938 quas
392 4847 526 4936 acquirit
545 4857 691 4916 constans
710 4856 739 4916 ot
760 4847 861 4916 livida
880 4849 988 4917 rirtus.
