3384 5372
955 463 1113 513 LXSlADAE

979 714 1083 776 XXVll

539 976 611 1046 lllos
629 995 701 1045 mor
719 978 861 1067 equitum
878 976 937 1046 sub
955 979 1079 1046 nomine
1099 996 1191 1046 cerne
1208 985 1355 1068 vagantes

539 1100 679 1180 Castella,
700 1100 783 1170 reris
801 1100 945 1170 Bellonae
963 1100 1017 1170 ubi
1036 1102 1174 1190 praemia
1192 1101 1275 1170 ludis

539 1224 651 1294 Omnia
669 1225 856 1315 percipiunt,
877 1243 956 1314 quae
974 1224 1026 1294 dat
1044 1225 1172 1294 victoria
1190 1224 1309 1314 paucis

537 1347 672 1417 Mortem
691 1347 744 1416 1111
762 1368 824 1417 111
841 1349 949 1438 paucis
966 1349 1120 1418 contraria
1139 1349 1198 1418 lata
1216 1349 1385 1430 dederunt;

538 1471 660 1541 Horum
677 1470 799 1562 (cerne)
813 1471 916 1562 jacent
933 1472 992 1541 hoc
1010 1471 1077 1542 lusa
1095 1474 1246 1544 cadavera
1263 1493 1385 1564 campo,

539 1592 600 1676 Qui
618 1595 755 1683 primum
774 1614 792 1662 e
811 1594 925 1663 nostris
943 1605 1016 1664 sunt
1034 1596 1100 1665 ausi
1119 1597 1151 1664 in
1168 1595 1251 1665 bella
1269 1615 1395 1666 vocare:

537 1719 670 1789 Nomine
689 1719 841 1790 Gonsalus
859 1720 1004 1790 iliberins
1022 1720 1074 1790 ille
1092 1728 1234 1802 vocatur,
1320 1765 1322 1770 -

539 1842 599 1926 Qui
619 1843 719 1932 poluit
736 1845 837 1932 legem
855 1843 1000 1932 lugubris
1018 1847 1215 1917 contemnere
1233 1845 1358 1915 Lethes.
1375 1822 1379 1830 ¹

971 2203 1085 2265 XXVlll

538 2464 653 2554 Aspice
672 2485 754 2534 nunc
771 2464 895 2546 iortem,
915 2465 1051 2536 celebrat
1070 2485 1164 2555 quem
1182 2465 1262 2534 lama
1280 2469 1434 2556 perennis,
1454 2494 1459 2504 ·

538 2588 672 2658 Tantum
690 2596 724 2658 ut
742 2609 804 2659 non
823 2589 918 2658 alium
936 2609 994 2659 seu
1011 2590 1161 2679 priscum,
1181 2590 1247 2660 sive
1266 2599 1423 2660 recentem

539 2711 720 2792 Ductorem,
740 2713 857 2804 patriae
875 2733 1010 2793 cansam,
1030 2713 1208 2784 discrimine
1225 2734 1361 2794 summo,

538 2837 666 2906 labanti
684 2837 804 2918 similis,
825 2839 878 2927 qui
896 2836 1007 2906 lirmus
1025 2838 1153 2927 suscipit
1170 2838 1276 2906 armis.

539 2960 703 3051 Conspice,
723 2959 858 3032 consiliis
875 2961 1021 3030 audacter
1039 2961 1147 3030 inertia
1166 2962 1259 3031 corda

539 3085 723 3156 Hortantem
741 3085 812 3155 lorti
830 3087 931 3176 patrio
949 3081 982 3155 s'e
1000 3085 1136 3156 subdere
1154 3089 1247 3176 regi·

539 3208 591 3288 Et,
612 3209 694 3298 turpi
713 3209 838 3278 tandem
856 3209 955 3299 posita
975 3208 1149 3290 tormidine,
1168 3219 1315 3300 prompte

540 3331 722 3403 Detrectare
736 3334 862 3424 jugum,
882 3333 966 3425 quod
985 3334 1064 3403 collo
1080 3334 1252 3423 impendet,
1271 3333 1409 3404 Iberum

983 3693 1075 3756 XXlX

540 3954 641 4024 Corne
657 3962 693 4024 11
710 3955 838 4025 consilio
856 3955 978 4044 sapiens
995 3963 1027 4025 et
1045 3954 1194 4044 providus
1208 3940 1293 4034 astu,

539 4079 598 4150 Cui
617 4080 701 4150 Deos
719 4078 932 4171 Omnipotens,
952 4080 1114 4171 praeclaro
1132 4100 1276 4162 munere,
1295 4089 1431 4171 praestat

539 4203 630 4287 Quod
646 4224 708 4274 non
724 4204 788 4272 ulla
805 4205 887 4273 valet
904 4203 1065 4274 hominum
1083 4211 1244 4294 praestare
1261 4213 1412 4295 potestas:
1445 4181 1455 4209 ’

538 4326 689 4398 Castellae
706 4328 807 4418 potuit
825 4347 953 4418 magnas
970 4329 1014 4397 sic
1033 4328 1176 4418 frangere
1194 4328 1290 4398 vires.

539 4452 682 4522 Consiliis
698 4451 802 4543 hujus,
823 4453 939 4522 virtute
956 4462 987 4522 et
1004 4452 1118 4524 robore
1136 4453 1256 4523 cladem

538 4574 653 4666 Aspice
670 4585 836 4667 patratam-
855 4578 1034 4668 clammquo
1053 4599 1090 4648 ex
1111 4589 1204 4668 gente
1222 4579 1419 4668 triumphum
1535 4657 1538 4665 ¹

538 4700 666 4768 Partum
683 4709 748 4769 tam
766 4699 849 4780 lorti,
869 4721 1062 4791 numeroque
1077 4701 1150 4790 jura
1168 4699 1315 4783 timenda,

539 4823 623 4892 lnter
636 4822 737 4893 Anam
755 4825 895 4904 liovinm,
911 4825 1045 4895 Tartessi
1065 4836 1096 4895 et
1115 4828 1242 4916 pinguia
1260 4847 1344 4894 rura,
