3394 5372
600 475 692 522 ulnus
710 475 842 530 QUINTUS

670 733 771 796 LXXll

222 995 270 1065 lra
289 1003 375 1066 certe
392 995 455 1076 alii,
477 995 625 1086 turpique
643 994 791 1087 cupidine
809 997 904 1087 eapti,

82 1121 84 1124 ’
222 1119 404 1190 Detrectare
415 1119 534 1210 ¹jugum
551 1119 693 1190 dueton's
711 1119 817 1210 iniqua
834 1120 980 1198 vetantis,
1114 1165 1116 1168 -

222 1243 413 1315 Iamdudum
431 1245 595 1327 auderent,
614 1245 733 1314 intenta
751 1253 857 1314 ments
875 1244 1005 1335 rapinis,
1139 1343 1142 1350 Ι

222 1366 399 1438 Praedones
417 1367 488 1438 lacti
499 1367 612 1471 terris,
632 1367 799 1460 pelagique
815 1387 873 1459 per
891 1366 1003 1438 undas.

109 1551 113 1559 .
220 1491 379 1562 Lusorum
397 1501 536 1583 spectata
554 1491 639 1574 sctis,
661 1494 734 1562 satis
753 1493 854 1582 agrita
874 1491 985 1572 virtus,

220 1615 311 1688 Clara
328 1616 419 1700 fides,
439 1637 497 1689 nec
515 1619 599 1688 enim
618 1618 740 1710 species
758 1627 805 1688 est
824 1617 886 1686 ulla
905 1617 1016 1708 pericli

220 1741 320 1826 Quae,
339 1743 467 1814 virtutis
484 1763 538 1815 eos
556 1743 728 1814 deturbans
746 1743 883 1814 culmine
902 1743 1016 1824 celsae,

220 1865 373 1938 indociles
392 1866 513 1948 reddat,
533 1867 697 1960 probitatis
715 1866 817 1938 vinda
835 1866 986 1936 resolvat.

457 2283 462 2294 .
657 2224 770 2290 nxxltl

219 2487 282 2559 Sed
301 2487 388 2558 duvii
407 2487 532 2558 tandem
549 2487 632 2559 didm
651 2489 782 2558 statione
800 2487 918 2566 relicta,

218 2611 322 2702 Atque
340 2613 457 2684 itemm
474 2613 563 2684 salsis
580 2613 720 2703 repetitis
739 2610 884 2702 aequoris
900 2609 1004 2692 undis,

219 2735 352 2826 Jamque
369 2737 457 2806 sinus
473 2735 592 2806 ennensi
612 2734 665 2806 illa
681 2734 872 2806 discedimus
889 2753 955 2816 ora,

218 2861 315 2952 Inque
333 2860 450 2932 iretum
467 2870 565 2932 totam
583 2861 700 2953 placuit
718 2859 906 2951 compellere
924 2859 1065 2956 classem,

218 2986 265 3057 Ne
283 3006 341 3057 nos
360 2986 437 3056 dum
455 2985 557 3077 gelida
575 2986 660 3056 mitis
678 2985 779 3056 Notus
797 2985 915 3077 appetit
933 2989 1020 3065 auri,

218 3110 371 3182 lnteriore
388 3111 460 3182 sinu
479 3101 611 3182 vis‘tusa
628 3110 766 3180 involvat
783 3129 949 3204 aqnamm,

218 3236 275 3306 lllo
292 3257 387 3328 quem
405 3237 536 3328 pelagus
553 3236 674 3308 sinuato
693 3235 798 3338 littore
816 3235 940 3315 lomnat,

218 3361 313 3434 Unde
330 3383 442 3432 aurum
460 3363 598 3453 pretiosa
616 3383 710 3433 suum
729 3361 831 3432 Seiala
849 3361 991 3438 remittit.

657 3721 774 3784 cxxiv

218 3983 384 4065 Continuo,
404 3992 440 4054 ut
457 3983 545 4054 licuit
563 3982 642 4054 vada
660 4003 749 4054 caeca
767 3983 913 4061 evadere,
934 3980 1040 4052 clavus
1131 4003 1133 4010 ·

217 4108 364 4198 Martyris
381 4107 529 4198 auspiciis
547 4109 701 4200 myrensis
715 4108 787 4199 jure
805 4113 954 4186 sacratus,

217 4233 286 4317 Qua
304 4233 435 4324 polagus
453 4233 571 4315 tremit,
590 4235 777 4324 allisumque
795 4240 954 4303 exaestuat
971 4236 1038 4311 orat,

218 4357 392 4447 Detorquet
410 4365 544 4438 nostras,
566 4363 660 4448 prore
678 4357 740 4427 huc
759 4357 914 4436 flectente,
934 4355 1066 4426 carinas.

135 4495 139 4505 ·
217 4481 323 4566 Quum
340 4503 395 4552 cor
412 4483 555 4553 fortunae
574 4505 715 4574 sperono,
735 4493 941 4578 metuensque
959 4481 1097 4551 vicissim

215 4607 368 4688 Eventus,
387 4608 553 4700 fragilique
572 4630 684 4680 ausum
703 4607 862 4680 confidere
880 4608 977 4698 ligno,
1003 4675 1007 4684 ,

215 4730 285 4802 Jann
302 4752 359 4823 spe
377 4731 546 4822 deiectum,
567 4755 663 4824 quem
681 4744 817 4825 ceperat,
839 4733 869 4802 in
888 4753 969 4803 nova
988 4732 1113 4802 tandem

215 4853 335 4927 Gaudia
354 4860 510 4948 prorupit,
531 4857 725 4948 melioraque
743 4857 805 4929 lata
824 4857 953 4947 recepit.
