3440 5392
903 487 1056 536 tustnbnl:

949 745 1014 812 XXI

488 1007 618 1076 Deserta
636 1008 764 1076 veniunt
782 1016 903 1097 septem
921 1009 1053 1078 statione
1071 1009 1222 1099 planetae,

487 1129 691 1220 Abrumpunt
710 1151 854 1222 regnum,
876 1131 960 1222 quod
978 1134 1116 1202 numinis
1134 1132 1194 1202 alta
1212 1141 1349 1223 potestas

487 1254 639 1335 Tradidit,
659 1256 710 1325 illa
729 1255 857 1347 quidem
876 1257 940 1328 sula
959 1276 1040 1346 quae
1057 1267 1162 1327 mente
1181 1267 1317 1347 potestas

486 1381 656 1452 Terrarum
676 1382 818 1472 coelique
835 1382 952 1472 plagas
972 1383 1164 1473 pelagusque
1183 1383 1347 1472 gubernat.

486 1505 557 1576 Una
575 1525 684 1576 omnes
703 1515 817 1576 coeunt
834 1516 994 1576 momentu
1012 1509 1167 1597 temperis
1186 1509 1258 1588 acti,

487 1629 547 1712 Qui
567 1630 686 1720 gelidus
704 1629 843 1700 habitant
860 1629 977 1700 Arctoe
996 1630 1107 1719 sydere
1125 1630 1215 1710 fines,

487 1754 611 1846 Quique
630 1763 737 1825 tenent
755 1755 920 1834 Austrum,
941 1755 1058 1846 quique
1077 1755 1265 1826 incunabula
1284 1757 1369 1836 selis,

487 1880 611 1969 Quique
630 1899 702 1950 cras
720 1880 810 1949 Titan
828 1879 882 1949 ubi
902 1900 970 1950 sese
989 1879 1150 1950 abscondit
1169 1881 1200 1949 in
1219 1879 1324 1952 undis.

943 2239 1021 2303 xxti

487 2503 552 2572 lllic
570 2503 700 2594 sydereo
718 2503 879 2594 Superum
896 2504 988 2573 Pater
1005 2524 1061 2574 cre
1080 2503 1225 2586 micabat,

487 2628 617 2698 Vulcani
635 2629 804 2699 metuenda
821 2650 917 2700 manu
937 2631 990 2720 qui
1007 2630 1138 2702 lulmina
1155 2629 1268 2710 vibrat,

487 2753 635 2824 lnsistens
653 2755 730 2824 solio
750 2756 894 2846 crystallo
912 2766 943 2827 et
962 2757 1074 2846 sydere
1092 2764 1187 2836 textu,

486 2880 645 2970 Maiestate
664 2882 777 2963 nitens,
796 2883 985 2973 sublimique
1004 2883 1121 2952 arduus
1140 2903 1205 2952 ore.

486 3003 631 3094 Spirabat
649 3005 738 3074 rultu
758 3006 901 3078 coelestis
918 3007 1055 3075 numinis
1075 3026 1195 3084 auram,

486 3126 632 3196 Mortales
651 3128 731 3198 iuret
749 3129 833 3198 unde
850 3132 942 3218 vigur
959 3129 1084 3198 divinus
1103 3130 1133 3198 in
1151 3138 1238 3200 artus
1245 3153 1253 3211 ;

348 3287 356 3300 ·
486 3249 631 3320 Insolitus
650 3260 811 3342 sceptrum
829 3261 860 3324 ct
879 3253 987 3341 capitis
1005 3251 1148 3322 diadema
1166 3253 1289 3343 lapillus

486 3375 665 3454 Formabat‚
686 3376 796 3446 rutilus
814 3396 968 3464 superans
986 3377 1157 3446 adamantis
1175 3378 1322 3452 bonores.

935 3735 1024 3798 XXlll

350 4047 352 4050 -
484 3999 637 4068 Lucentes
655 3999 748 4068 radiis
766 4019 907 4090 auroque
925 4002 1042 4070 nitente
1063 4020 1219 4080 coruscae,

484 4125 603 4194 lnsertc
621 4125 723 4196 rutilis
741 4125 942 4195 currentibus
958 4126 1067 4197 ordine
1086 4129 1230 4216 gemmis,

484 4249 654 4340 Appositae
673 4250 801 4321 inlerius
820 4251 964 4320 coelestia
983 4253 1110 4321 numina
1129 4251 1219 4321 sedes

484 4375 653 4465 Excipiunt
660 4399 667 4458 ;
689 4385 769 4448 stant
788 4387 899 4446 cuncta
918 4379 994 4457 suis,
1014 4397 1234 4468 premanere,
1252 4376 1345 4466 Justis

484 4501 545 4570 Pro
563 4503 684 4570 meritis
703 4500 846 4570 distincta
859 4491 955 4571 locis:
975 4501 1093 4590 majera
1112 4501 1267 4591 supremis

484 4625 619 4694 Sedibus
639 4627 794 4704 insistunt,
816 4634 884 4694 turn
903 4626 1015 4696 deinde
1034 4627 1153 4695 minora
1173 4634 1358 4716 sequuntur.

483 4751 564 4820 Cum
582 4751 673 4819 Pater
692 4753 758 4840 ipse
777 4749 871 4819 deum
891 4750 968 4820 sclic
986 4749 1128 4820 sublimis
1146 4750 1185 4820 ab
1203 4749 1264 4820 altu

484 4873 546 4942 Ore
565 4877 680 4964 gravis,
702 4875 849 4964 siccisque
870 4895 945 4946 sene
966 4875 1161 4944 renerabilis.
1185 4875 1261 4950 init.
