3394 5372
954 436 1106 484 testante:

970 693 1089 758 XXXffl

532 959 639 1048 Spissa
658 977 675 1028 e
694 957 776 1028 nube
792 958 905 1048 pluunt
924 965 955 1028 et
973 958 1044 1038 tela,
1065 965 1097 1028 et
1115 977 1203 1038 sara3
1224 947 1356 1047 sagittae

532 1083 698 1152 Mittuntur
715 1083 834 1172 pariter
851 1086 994 1152 nostrum
1012 1100 1108 1172 super
1126 1082 1249 1172 agmina
1268 1081 1392 1152 densae.

531 1205 601 1276 Non
621 1207 671 1276 illa
691 1207 721 1274 in
740 1214 849 1276 ventos
866 1205 1012 1276 abierunt
1030 1205 1162 1295 spicula;
1184 1207 1273 1275 testis

531 1331 579 1400 En
599 1352 667 1420 ego,
690 1332 743 1423 qui
761 1331 845 1401 laeso
863 1331 988 1400 tandem
1006 1311 1058 1399 me
1075 1349 1167 1400 crure
1186 1329 1302 1420 recepi.

530 1455 596 1524 Nes
614 1465 729 1536 tamen,
750 1465 785 1524 ut
800 1455 886 1544 justo
902 1455 1056 1524 stimulati
1074 1453 1169 1523 eorda
1187 1452 1305 1534 delore,

529 1579 615 1649 Talia
635 1579 828 1650 reddidimus
847 1599 995 1669 responsa
1013 1578 1221 1648 merentibus:
1242 1578 1295 1647 illo

530 1705 574 1776 Ut
592 1725 654 1776 nen
672 1705 735 1774 sola
754 1705 856 1774 lerant
873 1707 1044 1775 certamine
1062 1705 1158 1774 tincta
1176 1701 1294 1774 rubore
1393 1764 1399 1777 e

530 1829 625 1908 pilea,
645 1829 699 1898 sed
718 1829 852 1898 rubrum
869 1838 1044 1899 monstrent
1063 1849 1188 1920 euemre
1207 1803 1510 1900 membra'eoloren.

962 2187 1079 2250 XXXW

528 2450 591 2519 Sed
609 2457 666 2519 n'os
684 2450 839 2530 continue,
857 2449 982 2520 Vellose
1000 2451 1031 2518 in
1050 2457 1115 2519 tuta
1135 2459 1274 2540 recepto,

527 2576 645 2645 Littera
665 2575 849 2655 deserimus,
869 2576 999 2665 pelagus
1017 2575 1210 2665 classemque
1229 2585 1384 2657 tenemus

526 2698 641 2769 lnlrdos
659 2700 762 2768 mirati
781 2700 911 2779 animes,
933 2701 1138 2791 incoeptaque
1157 2701 1258 2789 gentis

524 2823 630 2892 Ellera
647 2823 839 2905 barbaricae,
858 2823 948 2894 furiis
966 2844 1045 2914 quae
1064 2824 1193 2894 ardebat
1210 2825 1335 2916 iniquis,

528 2947 593 3017 Nee
611 2947 741 3016 meliora
760 2948 803 3016 illi
821 2949 959 3037 regionis
976 2949 1064 3038 signa
1083 2948 1238 3018 dederunt

485 3101 486 3104 ¹
528 3073 612 3142 lloae
630 3073 740 3163 pelago
759 3094 853 3163 quam
872 3075 991 3143 dedum
1010 3075 1191 3164 quaerimus
1209 3073 1282 3156 alto,

529 3199 629 3282 Quam
649 3197 763 3267 distare
782 3198 894 3288 procel
912 3198 996 3288 lengi
1015 3199 1193 3268 discrimine
1211 3199 1317 3289 ponti:

527 3320 613 3410 Ergo
632 3321 747 3391 iterum
766 3322 856 3391 celeri
875 3321 970 3410 jubeo
989 3321 1064 3390 dare
1081 3322 1175 3392 lintea
1192 3332 1297 3393 vente.

851 3725 854 3737 .
966 3681 1076 3743 XXXV

525 3942 612 4014 Tenc
631 3965 711 4014 unus
729 3945 861 4024 sociem,
882 3943 1002 4034 reliqua
1021 3953 1179 4035 spectante
1199 3952 1322 4026 corona,

523 4068 647 4139 Velloso
666 4069 815 4138 adludens
834 4070 952 4158 argutis
968 4069 1108 4148 vecibus,
1128 4071 1247 4160 inquit:

523 4193 609 4264 Heus
622 4193 755 4273 Vellese,
772 4192 886 4283 jugem
904 4167 1030 4274 montis
1051 4192 1136 4284 quod
1155 4194 1268 4275 cernis
1288 4194 1320 4262 in
1338 4193 1415 4264 illud

523 4316 639 4388 Durior
658 4336 813 4397 ascensor,
834 4317 946 4387 melior
963 4317 1131 4387 descensus
1149 4318 1187 4387 ab
1207 4318 1261 4388 illo
1280 4328 1343 4388 est:

521 4439 587 4520 Est,
608 4438 719 4530 fateor,
741 4440 842 4510 reddit
860 4440 984 4511 firmato
1001 4450 1129 4530 pectore
1147 4441 1254 4518 miles:

521 4561 595 4642 Sed,
616 4564 699 4653 quod
717 4583 776 4653 ego
794 4565 898 4654 aspexi
918 4563 1088 4654 glomerata
1105 4574 1152 4635 tot
1170 4567 1294 4656 agmina
1312 4587 1408 4638 naves

521 4687 697 4778 llppetiisse
716 4709 839 4770 canaam,
860 4690 998 4760 uelocius
1017 4691 1083 4780 ipse
1102 4693 1239 4770 cucurri,

519 4815 569 4884 lle
589 4814 654 4882 sine
673 4833 734 4882 non
753 4813 884 4884 credens
902 4835 957 4884 vos
975 4816 1006 4883 in
1026 4815 1207 4886 discrimine
1226 4825 1319 4886 tutes.
