3384 5370
563 560 653 608 manu
676 551 819 616 eudorus

669 820 719 881 LX

197 1080 245 1150 ht·
256 1088 423 1171 postquam
442 1080 640 1170 hiphonsnm
658 1101 720 1150 nox
739 1091 806 1151 atra
824 1083 979 1152 immersit
997 1085 1112 1154 acerbo

197 1207 332 1285 Funere,
352 1207 503 1276 coelestes
522 1205 608 1276 dedit
627 1216 659 1276 et
677 1207 887 1277 conscendere
907 1207 1009 1288 sedes,
1034 1203 1037 1210 '

198 1330 322 1399 Tertius
339 1338 372 1400 et
389 1329 531 1399 decimus
545 1331 610 1422 iam
628 1338 808 1400 nostrorum
828 1331 938 1401 ordine
956 1333 1068 1423 regum

198 1455 294 1544 Regia
314 1454 447 1524 ioannes
465 1457 604 1545 suscepit
622 1465 745 1545 sceptra
764 1455 940 1526 Secundus.

199 1578 313 1648 Laudis
330 1579 382 1648 hic
400 1587 544 1650 aeternae
563 1580 677 1660 studio,
698 1581 883 1651 mortalibus
901 1582 985 1650 ausis

198 1703 342 1772 Tentavit
361 1704 480 1793 majora
499 1703 602 1794 sequi,
622 1707 756 1774 transire
774 1712 903 1794 negatos

119 1815 120 1819 ’
199 1825 306 1896 Mundi
325 1827 444 1905 obices,
465 1847 634 1917 roseosque
652 1827 795 1898 Aurorae
814 1829 973 1919 inquirere
992 1829 1082 1909 fines,

200 1951 287 2035 Quos
305 1971 375 2041 ego,
396 1973 479 2022 nunc
498 1972 629 2022 currens
646 1960 692 2021 tot
710 1972 869 2022 marmora
888 1952 990 2044 longa,
1012 1955 1151 2044 requiro.

666 2311 729 2373 LXI

200 2571 255 2640 lile
273 2571 360 2640 riros
378 2571 474 2640 mittit
492 2592 571 2662 qnos
589 2573 729 2661 primum
748 2571 897 2661 Hispania
916 2581 1006 2661 grato

202 2697 327 2787 Excipit
344 2697 492 2787 hospitio,
512 2718 586 2767 mon
606 2695 715 2776 Gallia,
736 2705 767 2765 et
785 2696 861 2766 ltaia
878 2696 960 2780 ,tama

202 2821 334 2911 Insignis
351 2823 454 2912 regio;
476 2821 665 2911 tandemque
683 2842 699 2889 a
718 2821 823 2889 littore
842 2821 965 2892 solvunt

202 2944 397 3035 Parthenope
415 2963 478 3035 quo
496 2944 641 3035 Nympha
657 2944 742 3034 Jaeet
760 2928 912 3014 tumulata
932 2945 1117 3035 sepulchro;

202 3070 410 3159 Parthenope,
431 3071 516 3139 varia
535 3090 629 3161 quam
648 3089 718 3139 sors
736 3049 988 3159 ditione'iatigat

202 3194 243 3263 m
261 3194 380 3264 sentire
398 3215 495 3284 vagae
514 3194 600 3283 cogit
617 3193 830 3263 moderamina
843 3195 962 3282 gentis,

206 3317 247 3388 Ut
266 3318 395 3387 demum
413 3316 506 3407 longo
524 3317 619 3387 donet
636 3325 707 3408 post
725 3326 867 3407 tempore
885 3316 970 3406 leges

203 3441 324 3511 Nobilis
341 3441 513 3530 Hesperiae
532 3450 716 3530 sacrataque
730 3442 803 3532 jura
822 3440 938 3510 subire.

663 3799 737 3863 LXil

206 4065 337 4154 Jamque
356 4066 451 4133 maris
469 4063 566 4133 Siculi
585 4041 747 4154 scopulosa
765 4083 823 4154 per
840 4083 977 4154 aequora
994 4063 1122 4144 radunt,

206 4189 333 4259 Litteris
352 4197 383 4258 et
401 4191 500 4258 siccas
518 4188 631 4258 Rhodii
651 4197 833 4258 scrutantur
851 4209 976 4271 arenas;

205 4313 281 4382 Inde
299 4321 406 4382 tenent
423 4332 539 4403 magno
557 4322 745 4404 praeruptas
762 4333 879 4403 aggere
898 4315 995 4402 ripae,

206 4439 304 4530 impia
321 4438 462 4532 Pompeii
480 4440 624 4509 tribuunt
643 4441 732 4528 queis
750 4437 860 4508 innera
879 4459 1007 4508 nomen:

205 4541 377 4655 Memphim
394 4563 521 4645 adeunt,
542 4581 734 4654 camposque
753 4571 875 4652 petunt,
894 4584 974 4654 quos
990 4564 1082 4634 Nilus
1100 4565 1238 4648 inundat,

206 4690 329 4780 hgmen
349 4708 455 4778 agens,
476 4688 597 4780 pluvias
614 4688 718 4757 serens
736 4689 768 4755 in
787 4688 912 4777 gurgite
931 4686 1037 4756 nubis:

207 4787 365 4884 Scandunt
383 4813 584 4903 Aethiopum,
607 4812 658 4882 cui
677 4832 745 4882 sese
765 4812 907 4902 aegyptia
926 4812 1031 4881 subdit

208 4940 316 5021 Terra,
337 4938 459 5019 domos
480 4937 594 5008 Christi
615 4938 668 5027 qui
686 4936 791 5026 legem
810 4957 845 5005 ac
861 4936 932 5026 jura
952 4936 1098 5006 fatentur,
