3384 5372
514 513 520 530 ,
606 469 694 518 mauu
712 469 852 517 ocrsvus

683 725 772 788 dxvi

235 987 349 1058 Omnia
367 987 422 1056 sed
439 987 532 1068 buna,
554 1007 634 1078 quae
651 987 706 1058 uli
723 989 786 1058 sint
803 989 928 1058 nomine
941 989 1050 1078 digua,

235 1110 415 1182 Obveuiuut
431 1111 523 1181 uobis
540 1132 656 1202 magno
674 1113 813 1202 quaesita
832 1111 948 1192 labore,

235 1236 378 1325 Spesque
396 1245 563 1325 metusque
581 1236 675 1305 simui
693 1237 879 1306 miscentur:
900 1211 1013 1326 magua
1030 1236 1198 1326 professus,

234 1358 359 1451 inceptu
377 1359 461 1429 haud
478 1360 590 1450 impar,
610 1359 779 1451 perstando
798 1360 889 1431 sudat
908 1369 939 1430 et
956 1360 1048 1450 alget.

235 1484 293 1564 Tu,
313 1484 380 1553 Rex
398 1503 523 1574 magne,
537 1503 631 1554 imeae
649 1485 722 1554 fidei
741 1482 869 1564 diffidis,
889 1492 920 1554 et
939 1483 990 1554 illa

235 1607 322 1692 Quae
341 1609 463 1678 sincera
481 1608 549 1681 fero
566 1607 712 1678 mandata
730 1608 839 1679 audire
858 1610 1006 1678 recusas?

234 1731 430 1822 Argumenta
448 1732 504 1801 tibi
521 1752 697 1804 memorem
715 1753 796 1823 quae
814 1734 1067 1823 dampnarent,

234 1857 272 1926 Ni
293 1857 382 1946 queis
400 1876 463 1926 uon
481 1857 585 1926 deruit
603 1863 634 1926 te
653 1856 793 1936 eredere,
814 1857 944 1928 eredere
962 1856 1068 1925 velles.

678 2215 778 2277 vafl

233 2480 267 2549 Si
285 2479 364 2548 mihi
382 2481 445 2548 vita
464 2478 543 2550 soret
561 2479 635 2550 solis
652 2476 810 2548 toleranda
828 2478 957 2567 rapinis,

233 2605 412 2695 Undivagq
432 2613 485 2673 aut
502 2603 603 2694 pairid
621 2602 766 2693 profugo,
787 2607 842 2694 qui
859 2603 963 2673 eredis
981 2602 1020 2672 ab
1038 2603 1102 2673 eris

232 2729 283 2798 Me
301 2727 411 2819 procul
429 2727 603 2798 abductum
621 2727 741 2818 patriis,
763 2735 904 2796 extrema
922 2735 1080 2828 petentem

233 2853 388 2943 Hospitis,
407 2827 531 2942 ignotus
548 2859 716 2922 venturum
734 2859 864 2941 tangere
881 2843 1013 2940 portus?

232 2977 311 3047 Nam
330 2976 413 3066 quud
431 2996 483 3046 me
499 2975 637 3054 lucrum,
658 2995 738 3066 quae
755 2995 827 3066 spes
843 2982 908 3044 tam
927 2983 1013 3044 certa
1030 2985 1171 3046 moveret

232 3100 276 3171 Ut
294 3109 405 3170 ventos
422 3099 546 3181 vellem,
567 3109 599 3169 et
616 3099 712 3169 furias
731 3107 849 3168 deniare
867 3097 1037 3188 profundi?

231 3226 341 3316 Neque
354 3224 500 3296 Australe
518 3225 604 3316 gelu,
623 3243 681 3294 neu
698 3223 868 3295 formidare
886 3223 1015 3304 calores

232 3351 327 3433 Queis
342 3348 434 3420 Aries
452 3349 584 3440 populos
603 3349 725 3419 ardenti
743 3349 846 3418 sidere
863 3351 976 3419 verat?

669 3705 782 3770 wad

229 3971 361 4040 Munera
380 3971 407 4038 si
426 3969 518 4060 digua
536 3977 568 4040 ei
585 3971 686 4060 pretio
706 3969 1020 4059 constantiamque,

230 4096 380 4186 Quaeque
398 4113 486 4164 meae
504 4093 561 4163 tibi
579 4093 641 4164 sint
658 4093 731 4164 fidei
750 4101 946 4182 argumenta,
966 4094 1103 4185 requiris
1109 4117 1117 4175 ;

230 4219 314 4290 Haec
332 4239 401 4289 mea
419 4237 518 4299 meus,
538 4225 661 4288 tantum
679 4218 865 4307 longinquos
883 4237 1035 4307 quaerere
1054 4227 1181 4300 tractus,

230 4343 309 4424 Quis
328 4362 437 4412 rerum
455 4349 565 4411 natura
583 4351 674 4412 tuum
692 4341 744 4410 dat
762 4359 893 4430 surgere
910 4359 1061 4432 reguum:

230 4468 292 4538 Sed
310 4467 337 4537 si
355 4467 416 4536 iata
434 4467 515 4536 meis
532 4476 596 4536 tam
614 4475 693 4537 sunt.
704 4465 836 4536 obnoxia
855 4466 946 4547 veiis,

228 4593 273 4664 Ut
290 4593 408 4682 possim
425 4592 458 4660 iu
475 4591 621 4681 patriam,
640 4591 814 4682 dilectaque
831 4610 929 4681 regna
945 4591 1061 4672 redire,

228 4718 316 4787 Tunc
334 4715 414 4786 dona
431 4715 564 4805 accipies
582 4713 741 4804 opulenta,
760 4723 792 4785 ei
810 4734 940 4785 munera
959 4733 1068 4786 remes

230 4841 377 4923 Grandia,
397 4861 478 4932 quae
497 4841 595 4910 uestri
614 4841 734 4910 reditus
753 4849 905 4910 testentur
923 4841 1087 4912 honorem.
