3384 5372
925 433 928 440 '
941 449 1097 497 cusrnnna

973 707 1058 769 xcrn

525 968 725 1040 Conveniunt
744 971 871 1042 tandem
888 977 925 1040 ut
942 970 1069 1060 cynrhas
1087 968 1125 1039 ad
1141 969 1228 1060 jussa
1245 978 1396 1060 parentur

524 1091 699 1182 Aethiopis,
720 1094 803 1164 tusas
820 1101 1013 1185 portentque
1032 1093 1072 1162 ad
1090 1094 1196 1163 littora
1214 1113 1350 1163 merces.

524 1217 588 1286 Nec
606 1219 673 1286 vult
692 1217 789 1287 Gaum
808 1238 881 1288 suas
899 1220 974 1286 sorti
994 1217 1190 1287 committere
1210 1216 1328 1296 lintres

524 1342 610 1426 Quas
629 1343 731 1432 capiet
748 1343 849 1412 forsan
869 1343 958 1412 dirus
973 1341 1038 1432 jam
1057 1343 1201 1432 cognitus
1218 1341 1326 1412 hostis.

524 1465 716 1557 Aethiopum
735 1467 842 1537 videas
859 1487 917 1557 per
935 1467 1048 1536 duetus
1067 1486 1197 1536 currere
1216 1465 1352 1555 cymbas,

400 1679 403 1686 .
525 1589 693 1679 Hesperias
712 1599 746 1658 ut
764 1611 840 1680 opes
858 1590 1006 1660 ludorum
1025 1589 1064 1659 ad
1084 1589 1188 1659 littora
1206 1598 1347 1678 portent;

525 1713 658 1804 Insuper
677 1723 708 1783 et
727 1716 845 1805 scripto
863 1715 991 1784 tratrem
1008 1724 1127 1794 monet,
1147 1723 1183 1783 ut
1201 1714 1261 1783 sibi
1279 1714 1381 1782 mittat

525 1837 645 1910 Merces
664 1843 734 1929 quis
751 1841 849 1930 possit
865 1839 1047 1910 Mauronrm
1065 1838 1199 1912 eradere
1216 1839 1328 1908 uincla.

976 2197 1063 2260 XCIV

526 2457 658 2548 Jamque
677 2457 755 2528 adeo
773 2477 894 2528 merces
913 2467 1041 2550 portum
1058 2469 1204 2530 tenuere:
1225 2470 1373 2551 receptas

525 2579 650 2650 lniamis
668 2579 777 2651 Catual
796 2582 1030 2673 quamprimum
1048 2584 1177 2672 exponit
1197 2584 1227 2652 in
1245 2585 1335 2654 urbe.

526 2685 741 2797 Custodesque
760 2708 824 2779 dati
842 2707 986 2786 lacobus,
1007 2715 1039 2776 et
1053 2707 1199 2789 Alvarns,
1220 2710 1334 2780 ambo*

526 2830 587 2914 Qui
602 2831 687 2922 justo
706 2842 816 2901 curent
834 2833 935 2922 pretio
953 2831 1123 2902 divendere
1142 2843 1277 2903 cunctas.

527 2954 652 3024 Fortius
670 2975 708 3023 an
727 2955 829 3046 puiset
848 2956 1029 3046 turpissima
1047 2966 1173 3046 pectora
1191 2957 1327 3038 lucunn,

526 3077 575 3150 dn
594 3080 717 3162 merita,
738 3088 769 3150 et
787 3081 884 3170 leges,
905 3089 935 3150 et
953 3090 1025 3150 vota
1044 3101 1227 3173 precesque,
1247 3082 1371 3153 docebit

526 3201 698 3274 Aethnicus
716 3205 767 3275 hic
785 3206 923 3285 demum,
944 3205 1024 3274 lucri
1043 3226 1137 3296 quem
1156 3207 1223 3276 dira
1242 3207 1355 3298 cupido

525 3326 684 3398 Persuasit
701 3329 813 3399 vinclis
830 3329 986 3399 insontem
1004 3329 1126 3400 solvere
1145 3331 1287 3400 Gamam.

983 3689 1057 3750 XCV

526 3947 678 4018 Sordidus
697 3944 750 4018 ilie
768 3957 866 4038 putat,
887 3969 1008 4020 merces
1026 3970 1085 4040 pro
1102 3951 1235 4040 pignore
1254 3951 1420 4022 habentem

526 4071 567 4140 Se
586 4071 708 4142 lucrare
727 4073 826 4163 magis
845 4073 956 4164 (Prohi
979 4072 1057 4142 tucri
1075 4074 1190 4164 pallida
1208 4074 1332 4165 tabesi)

525 4195 626 4278 Quam
645 4196 673 4265 si
691 4195 828 4266 detineat
846 4197 988 4276 damam,
1009 4217 1179 4288 secumque
1197 4208 1338 4268 moretur

526 4321 664 4410 Longius
682 4321 827 4404 invitum,
849 4341 943 4412 quem
962 4323 1097 4413 turpiter
1116 4323 1239 4392 invidus
1257 4324 1334 4393 odit.

450 4429 454 4436 ⁴
525 4445 667 4516 Prudens
685 4447 736 4517 hic
756 4457 895 4518 statuens
913 4470 1063 4539 magnum
1081 4450 1181 4519 vitare
1199 4449 1365 4540 periclum,

526 4569 616 4652 Quod
635 4569 730 4640 subiit
749 4571 857 4642 iraude
874 4571 978 4642 hostili
998 4572 1142 4642 detentus
1161 4573 1192 4642 in
1211 4572 1302 4653 urbe,

525 4695 569 4780 Ut
588 4697 688 4786 tetigit
705 4718 810 4778 nares,
831 4707 935 4789 optata
953 4699 985 4767 in
1005 4699 1100 4768 classe
1120 4699 1247 4789 quievit,

525 4819 590 4889 Nec
608 4820 706 4889 voluit
724 4843 834 4892 rursus
853 4832 942 4894 notas
960 4824 1092 4895 eradere
1111 4823 1142 4892 in
1160 4843 1240 4893 oras.
