3384 5372
946 431 1102 482 tansmittit

966 691 1083 754 XXXlll

530 955 586 1024 His
605 962 652 1024 est
671 954 769 1024 lurmn
788 954 913 1036 decens,
933 954 994 1025 illis
1011 954 1183 1035 inhonesta,
1202 957 1334 1046 requirit

529 1078 697 1169 Plagarum
715 1088 752 1148 ut
770 1081 861 1159 ratio,
879 1079 978 1148 viset
996 1041 1120 1149 diversa
1138 1078 1280 1160 dolendi;

528 1201 609 1271 Nam
627 1201 712 1292 quud
730 1201 770 1272 ad
788 1201 850 1271 ima
869 1201 968 1272 semel
986 1202 1076 1272 llunit
1093 1203 1275 1293 praeeurdin
1294 1205 1380 1273 virus

530 1326 692 1397 Interdum
710 1326 812 1397 solum
830 1325 933 1396 suetis
950 1335 1078 1397 curatur
1096 1327 1221 1398 amaris.
1324 1305 1327 1313 ¹

530 1451 613 1521 Sunt
631 1451 685 1542 qui
705 1449 820 1540 captivi
838 1451 968 1542 magieis
986 1451 1099 1521 innexa
1117 1453 1234 1522 eatenis

530 1573 616 1646 Colla
635 1583 760 1664 gerunt,
780 1583 849 1644 astu
868 1575 950 1664 eapti
970 1575 1138 1667 verbisque
1156 1575 1282 1646 dolosis,

530 1698 584 1768 Sie
601 1697 672 1768 fieri
691 1699 879 1789 quandoque
896 1700 986 1783 solet,
1007 1720 1107 1791 quum
1124 1701 1242 1790 spinula
1259 1700 1343 1770 turdi

530 1823 628 1892 lnfixa
647 1833 809 1894 amnentur
827 1825 957 1894 seeretis
975 1823 1043 1894 dira
1062 1824 1202 1894 venenis.

966 2181 1086 2246 XXXlV

531 2449 616 2531 Quas
635 2445 680 2516 sie
697 2415 830 2546 euniuse
844 2464 1018 2536 puerorum
1038 2445 1131 2515 turba
1149 2445 1278 2536 sagittas

531 2570 662 2661 Conjieit
680 2569 764 2640 haud
783 2571 893 2652 solere,
913 2570 1048 2640 eonllaut
1065 2569 1205 2639 incendia
1223 2570 1323 2640 mille:

531 2695 673 2766 Perdunt
692 2697 872 2766 innumerus
890 2695 988 2764 insani
1006 2695 1138 2765 vulnera
1155 2695 1283 2778 amoris,

530 2821 769 2909 derumnasque
788 2839 861 2889 suas
878 2819 933 2888 llet
951 2837 1046 2908 saepe
1064 2818 1201 2908 ignobile
1218 2818 1339 2909 vulgus.

530 2947 614 3031 Quin
631 2947 726 3016 etiam
743 2945 903 3015 interdum
920 2944 1043 3026 beroae,
1063 2965 1273 3035 proceresque
1290 2953 1433 3035 potentes

530 3069 709 3152 Cernimus,
729 3069 860 3140 infames
877 3068 1011 3139 infandis
1030 3069 1155 3160 ignibus
1171 3068 1233 3138 uri.

530 3194 682 3279 Qualibus
700 3214 845 3264 exarsere
862 3193 970 3274 biblis,
990 3191 1153 3284 Cinyraea,
1174 3191 1306 3282 puellae,

530 3317 678 3408 Assyrius
695 3318 830 3409 Juvenis,
850 3327 1006 3409 natusque
1024 3338 1042 3386 e
1061 3317 1178 3387 semine
1196 3316 1305 3387 Judae.

972 3677 1080 3742 XXXV

531 3941 605 4021 Vos,
626 3961 646 4010 ο
663 3949 835 4032 magnates,
855 3941 936 4012 dites
954 3944 1128 4032 rerumque
1144 3948 1298 4031 putentes,

530 4066 692 4137 interdum
710 4066 816 4136 subdit
833 4066 964 4157 simplex
982 4065 1174 4157 humilisque
1191 4065 1309 4156 puella:

530 4192 621 4262 Retia
640 4193 716 4282 quin
734 4191 829 4262 etiam
846 4191 1007 4262 innectunt
1025 4190 1179 4272 vulcania,
1199 4191 1293 4260 vilem

530 4315 689 4388 Ardentes
707 4316 880 4396 bominem,
900 4315 982 4386 celsa
1001 4317 1122 4386 cervice
1141 4316 1277 4406 puellas:

530 4441 607 4511 Pars
624 4450 776 4512 nocturna
793 4440 860 4511 suis
877 4440 1045 4511 observant
1064 4449 1207 4532 tempora
1224 4439 1326 4520 burlis,

530 4565 606 4636 Pars
625 4566 743 4635 intrare
761 4565 881 4647 domos,
903 4571 935 4634 et
953 4565 1103 4636 scandere
1122 4573 1203 4634 tetta
1221 4565 1380 4635 laborant:

530 4690 594 4760 Sed
612 4710 692 4779 puer
711 4690 763 4760 ille
780 4690 887 4760 minus
905 4689 1079 4780 culpandus
1097 4689 1222 4760 casibus
1241 4690 1308 4760 istis

532 4816 660 4893 Forsan,
681 4835 776 4904 quam
794 4823 896 4885 mater
914 4835 996 4904 quae
1015 4824 1125 4904 turpes
1143 4815 1258 4883 exultat
1276 4814 1375 4902 ignes,
