3384 5372
623 500 711 546 LIBER
731 499 832 548 NONUS

697 757 759 819 LIV

236 1017 332 1088 «Tres
350 1018 446 1088 colles
464 1017 569 1090 videas
588 1018 651 1089 illic
670 1039 835 1110 assurgere
854 1020 887 1088 in
905 1021 1015 1100 altum,

236 1142 290 1211 «ln
309 1142 424 1234 quibus
442 1143 545 1213 elucet
565 1163 639 1213 sum
658 1143 819 1234 maiestate
836 1152 998 1214 uenustas:

237 1267 374 1337 «Omnes
391 1275 548 1338 ostentant
566 1267 653 1336 melli
673 1288 706 1336 se
724 1268 866 1358 gramine
885 1267 994 1348 laetus,

236 1390 358 1460 «Insula
377 1410 441 1481 quo
459 1391 557 1461 clivus
576 1399 607 1460 et
626 1411 752 1481 campus
770 1391 863 1461 vestit
881 1411 1040 1462 amoenos

237 1515 281 1584 «E
301 1514 384 1585 celso
404 1515 517 1584 illimes
535 1514 703 1585 manabant
721 1519 840 1586 uertice
858 1515 958 1586 lentes

237 1638 449 1719 «Frondilem,
470 1647 564 1729 atque
583 1638 675 1709 simul
693 1659 857 1730 comperse
874 1639 1016 1720 floribus,
1035 1638 1153 1709 herbis.

237 1761 340 1832 «lnter
359 1761 402 1832 ibi
422 1761 561 1832 albentes
580 1762 726 1852 trepidat,
746 1771 926 1854 teretesque
944 1762 1077 1854 lapillos,

237 1884 393 1975 «Obliquo
412 1885 535 1976 lugiens
554 1887 634 1966 1110,
655 1907 728 1956 cum
746 1907 923 1969 murmure,
944 1887 1081 1978 lympha.

716 2247 764 2310 LV

238 2510 289 2578 «ln
308 2509 422 2579 uallem
440 2511 605 2599 irriguam,
625 2529 706 2600 quae
724 2509 819 2580 celles
837 2509 927 2580 findit
945 2514 1077 2602 apricus

237 2631 403 2714 «Conssuit,
424 2654 463 2703 ex
481 2634 542 2704 illis
560 2633 733 2716 dimanans
753 2655 865 2705 cursus
884 2655 1047 2724 aquarum,
1102 2615 1109 2630 ’

237 2757 343 2842 «Quae
361 2757 477 2827 iaciunt
495 2766 651 2848 stagnum,
672 2757 756 2847 quud
774 2758 835 2826 late
854 2759 1050 2828 extenditur:
1071 2759 1124 2829 illu

236 2881 421 2952 «Pulchrius
440 2883 506 2972 ipsa
525 2882 585 2951 sibi
603 2881 646 2951 nil
666 2901 754 2951 mens
771 2879 922 2971 effingere
940 2892 1061 2972 posset:

237 3005 399 3095 «Desuper
416 3004 578 3095 impendet
596 3005 718 3086 viridis,
740 3006 917 3095 gratissima
936 3005 1030 3097 sylva,

237 3131 354 3216 «Quae,
374 3138 525 3222 tanquam
544 3131 583 3201 ad
601 3131 720 3200 cultum
738 3151 807 3201 sese
827 3150 1017 3221 componere
1037 3139 1139 3213 curet,

237 3257 296 3325 «Se
314 3263 433 3347 spectat
451 3256 579 3346 speculo
597 3256 707 3335 laticis,
728 3275 791 3345 quo
809 3256 947 3346 pingitur
965 3256 1043 3346 ipsa.

696 3739 757 3802 tvl

237 4001 433 4083 «Arboribus
451 4003 552 4094 campi
570 4003 715 4092 preceris
732 4003 819 4072 mille
838 4003 1005 4084 nitescunt,

236 4127 339 4210 «Quas
356 4127 478 4197 fructus
495 4135 638 4208 onerant,
660 4127 834 4197 lemausum
852 4127 986 4218 pondus,
1006 4128 1115 4198 odori:

236 4251 360 4322 «Aurea
377 4253 458 4322 mala
478 4273 586 4323 comae
605 4253 756 4333 referunt,
775 4261 911 4335 matura,
933 4253 1083 4336 celerem,

236 4377 323 4460 «Quo
341 4375 473 4467 pulchro
492 4379 603 4446 enituit
622 4376 781 4467 quondam
798 4377 1010 4467 pulcherrima
1029 4377 1173 4468 Daphne:

235 4501 407 4569 «Flectitur
423 4521 526 4591 usque
545 4501 659 4582 solum,
679 4489 849 4590 pomorum
866 4500 1020 4591 pondere,
1039 4501 1152 4585 citrus;

235 4624 445 4714 «Deliciisque
463 4626 563 4704 00111,
584 4623 752 4714 fragrantia
771 4625 868 4695 citrea
885 4626 967 4695 mala

236 4751 367 4821 «Forma
386 4750 543 4840 virgineas
562 4749 724 4820 imitantur
742 4771 842 4841 paene
861 4751 1002 4842 papillas.
