3394 5372
910 481 1062 530 irminolt:

967 740 1002 803 ill

489 1007 608 1076 Ductor
626 1016 700 1078 tunc
719 1005 826 1076 ridens
844 1027 878 1075 so
897 1014 985 1096 grata
1004 1005 1034 1073 in
1054 1004 1127 1074 sede
1146 1006 1263 1074 morari

488 1132 635 1222 Longius,
657 1142 687 1202 et
706 1131 833 1202 tandem
851 1141 959 1201 ventos
978 1131 1099 1221 spirare
1117 1129 1266 1210 larentes,

488 1255 668 1346 nfflatuqne
687 1275 744 1326 suo
763 1254 852 1326 nobis
870 1255 1003 1325 suadere
1022 1255 1189 1344 magistros

488 1379 649 1471 Accipere,
671 1389 701 1449 et
719 1380 839 1449 rictum
858 1378 960 1448 sociae
979 1378 1165 1470 conquirere
1184 1377 1286 1458 classi,

488 1504 662 1584 Accelerat,
682 1503 870 1593 damnatque
888 1521 1005 1582 moras,
1025 1501 1110 1592 quod
1128 1500 1221 1592 longa
1238 1508 1408 1592 supersunt

489 1627 621 1720 Argenti
640 1629 749 1720 spatia,
769 1637 801 1699 et
818 1628 901 1719 longi
920 1627 993 1698 salis
1011 1647 1130 1718 aequor
1148 1625 1317 1708 arandum3

489 1753 632 1844 Jamque,
652 1752 786 1824 salutato
803 1752 932 1824 Melindi
950 1771 1037 1842 rege,
1057 1751 1192 1822 recedit:

489 1880 645 1969 Perpetua
663 1879 721 1948 hic'
732 1880 831 1969 poscit
849 1878 920 1947 talis
937 1877 999 1948 sint
1018 1877 1143 1948 vincula
1161 1877 1286 1947 amoris.

964 2234 1003 2298 lv

490 2503 571 2574 Tum
589 2511 679 2592 rogat
697 2511 732 2571 ut
751 2501 820 2572 luso
841 2503 964 2571 uenient
982 2519 1062 2592 quac
1081 2498 1185 2570 littore
1204 2498 1319 2570 classes

490 2626 556 2695 Hos
574 2635 658 2696 tutos
676 2633 812 2695 statuant
829 2643 956 2715 semper
974 2624 1155 2713 contingere
1173 2631 1296 2712 portus,
1331 2687 1332 2690 ,

490 2752 697 2842 Testaturque
715 2751 775 2821 sibi
793 2750 836 2820 nil
855 2751 975 2842 gratius
993 2769 1062 2820 esse
1080 2748 1224 2819 loturum

491 2878 593 2960 Quam
611 2878 679 2946 sieri
698 2877 784 2947 lusae
803 2897 860 2948 sua
878 2897 974 2966 regna
993 2876 1126 2947 obnoxia
1145 2877 1249 2966 genti;

490 3002 637 3090 Dumque
656 3001 778 3070 animus
795 2983 911 3090 corpus
928 2999 1075 3070 vitalibus
1094 2999 1204 3089 irriget
1221 2999 1317 3081 auris,

491 3129 532 3196 Se
548 3125 614 3197 lore
630 3129 661 3196 in
678 3126 866 3217 obsequium
882 3133 1075 3217 promptum,
1092 3134 1186 3217 atque
1200 3127 1232 3194 in
1245 3125 1317 3215 J'ura
1333 3133 1476 3216 paratum
1522 3183 1526 3192 .

491 3251 581 3340 Lysia
588 3273 596 3333 ;
618 3270 675 3320 nec
694 3251 745 3320 tali
764 3271 831 3321 sese
850 3270 909 3341 pro
928 3269 1004 3341 rego
1021 3252 1151 3332 morari,

491 3375 552 3444 Pro
570 3376 621 3444 tali
641 3375 769 3466 populo,
790 3376 839 3445 vel
858 3376 985 3445 charam
1004 3375 1166 3445 ellundere
1183 3374 1290 3444 vitam.

973 3733 998 3796 V

491 3997 637 4088 Congius
654 3997 718 4067 dux
736 3997 838 4066 animo
857 3997 941 4087 regis
959 4015 1107 4086 responsa
1125 3996 1259 4066 ferebat:

490 4121 531 4191 Et
545 4122 611 4211 jam
629 4120 697 4190 vela
715 4120 808 4190 dabat
827 4123 926 4190 ventis
944 4120 1111 4191 commissa
1130 4120 1285 4202 secundis,
1338 4195 1340 4199 ,

490 4246 696 4336 duroraeque
714 4246 821 4336 plagas
838 4245 990 4315 instructa
1007 4246 1104 4316 classe
1122 4245 1268 4336 petebat,=

490 4371 625 4462 Optahat
642 4369 772 4460 cupidas
791 4373 854 4461 qud
872 4369 993 4440 dudum
1011 4371 1176 4441 advertere
1193 4390 1314 4462 proras.

490 4495 587 4564 Fidus
604 4497 663 4564 iter
681 4467 784 4585 pelagi
801 4495 900 4575 naris,
920 4496 986 4566 sine
1005 4494 1124 4576 fraude,
1146 4497 1295 4586 magister

489 4618 531 4690 Et
549 4627 633 4688 tenet
651 4625 682 4689 et
700 4628 865 4689 monstrat:
886 4618 986 4689 nullas
1004 4620 1035 4688 in
1052 4628 1181 4709 pectore
1199 4627 1304 4690 uersat

490 4742 630 4824 Insidias,
651 4743 826 4834 crescitque
845 4742 933 4814 ducis
950 4743 1079 4825 srducia;
1099 4743 1186 4812 radit

490 4869 592 4953 Quam
611 4870 713 4939 lucrat
731 4868 890 4958 quondam
909 4868 1018 4939 mediis
1036 4857 1177 4940 securior
1196 4867 1299 4938 undis.
