3394 5372
584 513 673 562 nvom
691 513 824 570 ovrvoros

676 771 726 833 Lx

208 1036 260 1105 Sic
279 1035 339 1104 ait:
359 1033 567 1124 horribilique
585 1033 671 1103 ciens
688 1032 823 1123 suspiria
841 1032 927 1114 llatu,

120 1189 121 1200 ¹
206 1158 400 1250 Improvisus
419 1157 498 1228 abit:
519 1164 640 1228 terrent
658 1157 794 1248 suspiria
812 1166 945 1239 mentes

207 1283 349 1354 Solvitur
367 1292 435 1354 atra
451 1282 524 1374 polo
542 1282 653 1362 nubes,
672 1281 783 1373 procul
802 1282 923 1352 excitus
941 1281 1006 1352 imo

208 1407 340 1498 Gurgite
357 1406 520 1498 personuit
537 1379 707 1482 metuendo
724 1425 888 1476 murmure
905 1415 1046 1498 pontus·

206 1529 266 1600 hst
284 1549 355 1622 ego,
375 1530 505 1601 sublatis
521 1530 678 1612 manibus,
697 1531 749 1621 pia
768 1539 869 1600 castra
886 1530 1005 1601 lacesso

206 1653 384 1746 hligeritm,
404 1673 538 1746 quorum
558 1653 688 1746 longum
705 1653 896 1726 confecimus
913 1675 1033 1748 aequor

168 1793 173 1804 '
207 1779 376 1872 hospiciis,
395 1779 583 1872 Nomenque
601 1800 725 1871 precor,
746 1781 855 1872 procul
873 1788 978 1850 arceat
996 1781 1048 1850 illa
1145 1781 1148 1786 ’

207 1904 320 1975 Tristia
339 1925 419 1996 quae
436 1904 528 1975 nobis
545 1904 733 1992 Adamastor
751 1904 811 1974 lata
829 1905 977 1974 minatur.

670 2191 732 2254 LXI

207 2457 340 2548 Jamque
359 2455 510 2546 Phlegon,
528 2455 713 2546 Pyroisque,
732 2455 802 2526 aliis
820 2454 1053 2536 comitantibus,
1072 2475 1164 2526 anem

207 2580 369 2651 Ducebant
386 2599 509 2662 omnis,
529 2579 705 2670 splendenti
723 2579 852 2660 lumine,
871 2579 966 2660 Solis,

207 2703 312 2788 Quum
330 2705 440 2796 procul
457 2705 626 2795 aspicimus
644 2703 765 2774 sublata
783 2702 943 2774 cacumina
960 2703 1087 2785 montis,

207 2827 356 2921 lnquem
374 2827 515 2898 membra
534 2828 593 2898 leri
611 2829 734 2898 loerant
753 2846 904 2898 conversa
922 2827 1070 2921 gigantis:

185 2953 247 3026 ,Et
262 2953 327 3045 jam
346 2954 456 3025 vicinis
472 2953 624 3044 paulatim
642 2953 818 3023 adlabimur
835 2953 910 3034 oris,

206 3077 287 3150 'lum
305 3079 445 3170 primum
462 3077 522 3149 Eoi
540 3077 695 3149 sulcantes
712 3097 870 3149 marmora
887 3078 986 3168 ponti,

206 3203 368 3294 Progressi
386 3203 514 3293 pardum
533 3203 664 3273 interius
683 3203 873 3273 tranavimus
890 3222 1018 3294 aequor,

205 3306 313 3398 Donec
331 3327 364 3396 in
382 3335 487 3419 optata
506 3347 634 3397 mrsum
653 3327 851 3398 consedimus
868 3347 934 3397 ora.

665 3685 740 3748 hxtt

206 4021 293 4105 Quae
311 4019 385 4091 colit
401 4018 460 4090 hos
477 4038 617 4109 campos,
636 4018 819 4109 habitatque
837 4019 914 4088 haec
931 4019 1034 4089 littora
1053 4021 1152 4110 ponti,

141 4221 145 4232 ,
207 4145 303 4227 Gens,
323 4161 514 4236 quamquam
531 4142 724 4233 Aethiopum
741 4141 848 4211 veniat
868 4142 909 4212 dc
930 4143 1090 4232 sanguine,
1110 4143 1196 4215 molli

205 4270 311 4341 Mitior
329 4270 464 4359 ingenio,
486 4276 518 4338 et
536 4267 615 4337 lacili
634 4267 817 4337 clementior
833 4285 896 4336 usu

205 4394 306 4478 Quam
324 4393 424 4484 prior,
443 4391 581 4482 hospitio
599 4411 680 4482 quae
697 4411 755 4462 nos
773 4391 959 4482 prohibebat
978 4411 1101 4473 arenae,
1160 4417 1164 4426 ’
1185 4419 1201 4484 χ

204 4517 270 4587 Nos
288 4516 422 4597 choreis,
443 4536 499 4586 nos
516 4516 642 4598 laetitia,
664 4516 837 4606 plausuque
856 4516 986 4605 recepit,

204 4639 311 4710 Elhrsa
331 4640 363 4710 in
382 4639 470 4709 littus
477 4663 485 4724 ;
500 4638 663 4726 *muliebre
682 4638 862 4729 adjungitur
882 4658 1003 4729 agmen,

204 4767 245 4837 Et
262 4785 394 4836 mannos
412 4767 566 4857 mitesque
585 4781 708 4856 greges,
731 4773 762 4834 et
781 4763 886 4835 mollia
905 4763 1023 4834 ducunt

204 4891 356 4961 Armenta
374 4889 527 4960 uberibus
544 4891 689 4969 distenta,
710 4897 739 4958 et
759 4889 888 4980 pinguia
906 4898 1007 4980 pastu.
