3384 5372
937 505 1095 554 LUSIXDAE

955 763 1074 826 LXXXI

518 1024 605 1095 llaec
624 1043 677 1095 me
697 1026 765 1096 sula
782 1034 898 1108 movet,
919 1047 994 1118 spes
1011 1027 1089 1099 luec
1107 1027 1160 1098 ulit
1178 1047 1241 1098 une
1260 1035 1463 1120 sequentem,

400 1155 410 1174 '
517 1150 605 1221 Illius
625 1159 678 1221 eut
698 1153 815 1222 etenim
836 1161 869 1222 tu
887 1152 1029 1244 pondere
1047 1155 1127 1223 victe
1148 1154 1286 1234 latisceS,

516 1273 582 1346 Aut
599 1276 648 1346 vis
666 1297 781 1368 magna
800 1286 882 1358 tuae,
902 1278 1050 1368 felixque,
1069 1279 1211 1369 putentia
1230 1279 1350 1350 lurmee

516 1401 604 1472 lllius
623 1401 655 1472 in
673 1401 790 1472 melius
809 1412 928 1474 sortem
946 1403 1082 1474 mutabit
1101 1403 1251 1496 iniquum.

515 1527 679 1598 Mutantur
696 1529 722 1599 si
741 1529 811 1611 late,
831 1538 903 1599 tuus
919 1529 984 1620 jam
1003 1531 1176 1622 comprime
1196 1547 1346 1622 gressus3

516 1651 560 1722 Te
579 1652 693 1734 vincet,
714 1662 812 1735 certe,
832 1654 922 1744 tirgo
940 1653 1088 1736 lnrmcsa,
1108 1655 1246 1747 Cupido:

516 1777 549 1846 Si
568 1777 681 1859 vincet,
701 1779 831 1848 demum
850 1786 885 1848 tu
903 1799 965 1860 me,
982 1779 1048 1869 jam
1065 1779 1189 1862 blenda,
1209 1780 1368 1864 manebis3

516 1900 550 1971 Si
569 1923 711 1986 maneas,
730 1904 814 1975 uliud
833 1904 909 1974 mihi
928 1905 972 1974 nil
991 1904 1130 1995 optabile
1148 1905 1260 1976 deerit.

946 2265 1076 2330 LXXXIl

514 2528 580 2598 Sed
595 2527 670 2618 jem,
690 2547 772 2620 quac
790 2529 870 2620 fugit
888 2537 953 2600 tem
970 2530 1064 2622 longe
1083 2539 1237 2622 tempure,
1256 2530 1399 2624 Nympha

515 2652 655 2724 Currere
673 2663 750 2725 tunc
769 2663 889 2738 cessut3
904 2656 1013 2726 statuit
1031 2677 1067 2726 se
1086 2659 1214 2728 tradere
1233 2657 1358 2740 munti,
1384 2673 1386 2676 ·

514 2779 637 2850 Audire
657 2787 688 2850 et
706 2780 867 2872 proprius,
889 2781 944 2872 qui
962 2781 1102 2852 mulcent
1121 2785 1203 2864 edre,
1224 2791 1367 2874 questus,

514 2904 657 2977 Auribus
676 2911 708 2975 et
726 2904 813 2974 curdi
832 2905 952 2996 pariter
970 2906 1153 2976 dulcissima
1171 2908 1281 2979 verba.

514 3029 677 3101 Convertit
694 3031 828 3111 vultum,
848 3037 978 3102 teneres
998 3040 1030 3102 et
1047 3033 1143 3103 volvit
1161 3031 1290 3116 ocellus,

513 3153 756 3246 Subridensque
774 3155 868 3226 simul
886 3155 968 3227 mire
986 3157 1165 3240 dulcedine,
1185 3159 1265 3230 laeta

512 3281 644 3353 Labitur
663 3289 735 3352 aute
754 3282 853 3372 pedes
871 3281 1014 3354 victuris:
1034 3285 1179 3376 protinus
1197 3285 1250 3356 ille

511 3407 598 3478 Mille
616 3407 720 3478 medis
739 3408 866 3480 dulcem
884 3411 987 3482 vietae
1005 3417 1142 3482 testetur
1159 3428 1311 3484 amorem.

929 3773 1073 3839 cxxxm

509 4034 612 4119 Quum
630 4055 743 4127 pressa
762 4036 794 4106 in
812 4037 926 4107 mediis
944 4043 1021 4109 tunc
1039 4038 1155 4109 dentur
1171 4037 1258 4110 basia
1277 4037 1389 4130 sylvisl
1490 4097 1494 4110 .

508 4159 593 4242 Quot
610 4159 720 4231 dulces
739 4161 877 4251 gemitus
894 4163 1079 4246 tunduntur,
1100 4173 1241 4256 quotque
1259 4162 1424 4256 quereluel

507 4283 573 4354 lras
592 4286 693 4355 victor
711 4306 821 4357 amans
842 4307 937 4378 quam
955 4288 1071 4359 blande
1090 4289 1191 4380 placat
1209 4289 1370 4372 honestes,

506 4406 542 4476 ln
559 4408 659 4478 laetus
678 4419 808 4481 vertens
827 4412 913 4482 risus
932 4413 1078 4504 suspirie,
1098 4413 1208 4486 fletus!

507 4531 638 4615 Gaudia,
657 4535 749 4626 queis
766 4557 870 4619 mune,
891 4545 923 4608 et
940 4539 1061 4644 pariter
1079 4537 1286 4632 flagrantibus
1304 4539 1400 4624 buris,

504 4657 657 4732 Lusiedes
675 4671 788 4734 nautas
808 4662 1011 4736 Amathuntia
1030 4666 1102 4738 dive
1119 4665 1235 4752 beavit,

505 4783 676 4876 Percipere
696 4795 744 4857 est
761 4789 884 4872 melius,
904 4789 1015 4882 cupida
1035 4811 1129 4883 quum
1147 4793 1275 4865 voluere
1293 4799 1416 4878 mentm

505 4907 628 4993 Vulvet,
649 4911 779 4984 delicies
798 4915 849 4985 cui
867 4915 948 4988 tales
966 4917 1027 4988 latu
1045 4919 1219 5012 negabunt.
