3384 5370
614 483 703 530 tnuEtt
721 485 852 532 Tnttttt's

706 741 757 804 LX

234 1004 286 1074 Sic
303 1002 430 1073 tandem
448 1002 554 1084 cessit,
574 1010 721 1094 superata
739 1003 920 1094 potentibus
937 1004 1043 1086 armis,

234 1127 320 1199 Urbs
338 1127 451 1196 invicta
469 1125 556 1208 olim,
576 1147 672 1218 quam
689 1147 751 1196 non
769 1135 903 1218 potuere
921 1127 1042 1198 loroces

233 1251 272 1321 m
290 1251 436 1341 Scythiae
455 1259 573 1342 gentes,
594 1260 648 1322 aut
666 1253 750 1323 terro
769 1261 823 1321 aut
841 1259 908 1322 arte
926 1251 1069 1332 domare;

232 1373 376 1446 Audaces
394 1395 587 1466 quamquam
604 1376 707 1467 patrio
725 1376 765 1446 de
783 1376 887 1446 littore
904 1375 1025 1446 bellum

213 1499 377 1590 -Europae
395 1499 568 1582 intulerint,
589 1519 725 1590 quarum
742 1500 915 1572 admiratus
933 1499 1055 1580 iberus

232 1625 273 1695 m
290 1625 395 1715 Tagus
413 1633 569 1696 extremas
586 1634 786 1698 tremuerunt
804 1634 932 1716 pectore
949 1628 1033 1696 vires

232 1747 388 1832 Attonito;
409 1758 441 1820 et
459 1757 544 1820 taum
562 1749 754 1821 domuerunt
772 1749 887 1822 robore
905 1751 1027 1833 Baetin,

232 1873 400 1943 Vandaliac
418 1883 454 1945 ut
471 1874 562 1945 victis
579 1883 707 1965 possent
724 1874 801 1946 dare
818 1875 943 1946 nomina
963 1877 1094 1967 campis

697 2233 761 2297 Llll

232 2495 342 2586 Ecqua
360 2495 467 2585 igitur,
488 2497 560 2566 nixa
578 2497 639 2565 situ
659 2495 707 2566 vel
728 2495 861 2566 lontibus
879 2497 985 2578 armis

232 2618 319 2690 Urbs
336 2620 451 2710 poterit
469 2619 587 2692 validas
605 2621 761 2692 Lusorum
780 2619 914 2690 evadere
931 2621 1038 2692 vires?

232 2744 330 2816 Urbis
347 2745 515 2835 Ulyssaeae
532 2745 643 2816 cedant
661 2765 735 2816 cum
752 2745 875 2815 moenia
894 2748 996 2836 gentis

232 2869 362 2944 Viribus
379 2869 563 2941 indomitae:
585 2871 672 2961 regio
687 2870 753 2961 jam
771 2879 836 2940 tota
854 2867 962 2940 fluenti

232 2994 267 3064 ln
286 2993 414 3086 pelagus
431 2993 530 3064 vicina
548 2993 634 3084 Tago
653 2995 706 3064 dat
723 2993 848 3066 subdita
867 2994 983 3065 oollum

233 3118 385 3209 lmperio;
405 3118 477 3189 hino
495 3117 624 3202 Obidos,
644 3119 718 3190 hinc
736 3117 937 3210 Alanqueria‚
957 3119 1049 3210 cujus

233 3243 317 3313 lnter
334 3243 485 3318 saxadavi
503 3243 652 3314 labuntur
669 3263 836 3314 murmure
853 3245 965 3324 tontes,

233 3366 275 3436 Et
290 3367 408 3438 Turres
426 3366 542 3438 celebri
555 3365 688 3459 Veteres
704 3366 890 3458 cognomine
908 3377 1031 3458 parent.
1116 3383 1118 3390 ’

690 3725 766 3788 Lllll

233 3989 298 4060 Vos
315 4009 453 4080 quoque,
473 3989 615 4060 flaventis
633 3988 759 4060 Cereris
777 3989 930 4060 ditissima
949 3987 1040 4060 donis

233 4114 331 4185 Trans
349 4111 460 4186 diffusa
477 4115 611 4204 Tagum,
629 4114 787 4184 Lusorum
805 4112 927 4184 viribus
945 4133 1019 4182 arra

233 4239 388 4321 Cessistis
407 4240 575 4330 plusquam
593 4240 791 4322 nortatibus
811 4259 897 4310 arma
916 4247 1066 4309 ruentum

233 4365 392 4445 Sensistis‚
412 4365 581 4456 clavesque
600 4364 672 4444 illis,
692 4373 724 4434 et
742 4364 818 4434 colla
837 4362 977 4434 dedistis.

233 4489 344 4580 Tuque
363 4487 452 4570 adeo,
472 4496 507 4558 tu
524 4488 645 4569 Maure,
666 4487 769 4558 solum
788 4489 843 4579 qui
861 4485 977 4558 scindis
994 4495 1111 4568 aratro,

232 4613 372 4695 Falleris,
394 4621 519 4703 ereptos
536 4613 613 4682 dum
631 4615 751 4683 semina
768 4613 867 4682 mittis
884 4613 916 4682 in
934 4631 1040 4702 agros

234 4737 315 4808 Cum
332 4737 431 4808 Elvae
449 4737 602 4820 celebres,
621 4746 653 4808 et
672 4738 783 4826 Serpa,
803 4745 834 4806 et
852 4736 962 4808 Maura
979 4736 1106 4808 colonos

235 4861 383 4953 Subiecta
402 4863 564 4954 accipiant,
585 4871 616 4934 et
634 4861 766 4953 pulchra
784 4862 902 4933 Salacia
920 4862 1016 4934 lusus.
