3384 5370
575 541 664 587 mern
687 541 830 596 otrannus

656 799 747 862 XXIV

199 1062 326 1131 Scilicet
345 1061 398 1132 illo
417 1062 514 1131 armis
533 1062 664 1152 insignis
683 1063 814 1142 Nonius,
834 1063 887 1132 illc

199 1183 449 1254 Castellanomm
466 1205 541 1255 vera
558 1186 675 1256 virtute
695 1186 870 1276 llagcllum;

198 1310 294 1379 Attila
314 1331 373 1380 ceu
391 1311 488 1381 Gallis
508 1312 666 1402 quondam
686 1311 898 1403 Ausoniisque
918 1313 1075 1403 superbus

198 1435 319 1515 Extitit,
341 1435 531 1505 Hunnorum
550 1437 678 1506 veniens
696 1437 736 1506 cle
756 1438 908 1526 sauguine
926 1439 1083 1528 princeps.

197 1561 262 1630 Nec
280 1561 384 1642 minus
403 1559 457 1630 illo
476 1561 562 1641 alius,
584 1539 701 1630 celebri
720 1563 916 1650 cognomine,
938 1563 1061 1640 ductor,

197 1686 352 1774 Egregius
371 1684 499 1754 dextrae
520 1686 573 1774 qui
592 1685 750 1775 praesidet
769 1687 904 1776 agminis
922 1687 987 1755 alac

198 1809 379 1889 lausiaclum,
400 1811 513 1878 turmis
531 1808 645 1878 babilis
665 1803 815 1900 natusque
835 1811 992 1900 regendis,

197 1932 329 2001 blemlus
348 1932 534 2022 lloclrigues
558 1934 610 2023 qui
631 1944 661 2002 ct
677 1933 909 2003 Vasconcellius
928 1934 1023 2004 audit.

651 2293 732 2356 XXV

195 2555 345 2636 Alterius,
365 2556 507 2626 dextram
525 2576 604 2647 quae
623 2557 752 2646 respicit
770 2557 914 2646 agminis,
936 2557 1001 2626 alae

195 2682 315 2752 Nomen
335 2681 374 2751 ab
389 2681 521 2752 blmacla
539 2682 659 2752 ducens
672 2681 828 2752 Antonius
846 2683 907 2752 alta

195 2805 385 2896 Vasquesius
404 2805 527 2886 ductor,
550 2804 681 2875 Comitis
700 2815 770 2895 post
788 2809 915 2876 nomine
935 2807 1036 2876 clarus

195 2928 445 3012 ilbr·ineatensis;
467 2940 587 3000 turmas
605 2931 670 3020 agit
688 2930 740 3000 ille
759 2930 913 2999 sinistras.

194 3054 321 3125 Eminet
339 3065 482 3126 ertremo
500 3054 666 3124 sublimius
684 3056 809 3142 agmine
828 3057 967 3145 signum,

194 3179 385 3250 Vulneribus
403 3181 518 3270 quinis,
539 3181 677 3269 septenis
696 3177 849 3260 turribus,
870 3189 1009 3262 auctmn,

195 3304 321 3374 loannis
339 3305 444 3394 Regis,
466 3325 561 3395 quem
580 3304 661 3374 tollit
680 3305 713 3373 in
731 3325 803 3374 aera
822 3305 922 3374 virtus

194 3427 320 3510 Bellica,
341 3429 394 3520 qui
413 3430 543 3518 proprio
562 3429 723 3518 despectat
741 3429 855 3500 robore
873 3430 1018 3500 Martem.

643 3787 736 3850 XXVl

194 4051 358 4124 Moenibus
377 4073 394 4122 e
413 4052 556 4131 summis,
577 4041 677 4142 gelida
697 4052 863 4122 formidine
882 4060 1000 4142 captae,

193 4179 323 4248 Pectora
343 4177 432 4267 queis
451 4176 553 4246 mixto
572 4196 643 4265 spes
662 4177 756 4265 erigit
774 4177 834 4244 1111
853 4177 978 4256 timore,

192 4303 297 4373 Turba
318 4301 453 4372 imbellis
470 4301 558 4371 adest
565 4325 573 4384 ;
594 4312 707 4382 mater,
728 4301 904 4391 conjuxque
924 4322 1088 4392 sororque,

193 4427 351 4496 Sollicitae
369 4425 491 4496 coelum
509 4427 590 4494 votis
608 4425 821 4516 precibusque
840 4424 980 4515 fatigant.

192 4551 232 4620 Et
247 4551 314 4641 jam
332 4551 419 4620 lusae
437 4551 520 4619 acies
538 4549 592 4618 ubi
611 4557 711 4618 castra
730 4549 856 4618 inimica
875 4550 1098 4640 propinquant,

191 4673 354 4765 Apparent
372 4681 491 4754 contra,
513 4681 544 4741 et
563 4693 669 4743 coram
687 4673 823 4742 tentoria
840 4673 987 4772 tendimt:

191 4799 315 4890 Excipit
333 4799 421 4868 elatis
439 4797 603 4867 venientes
621 4795 753 4866 vocibus
771 4796 881 4876 bostis,

191 4926 253 4996 Sed
274 4933 378 4994 tamen
398 4931 530 4993 eventus
548 4921 636 4992 dubii
655 4922 749 4991 timor
768 4929 901 5010 occupat
918 4939 1037 4990 omnes.
