3440 5392
606 542 697 590 LIBER
717 543 828 592 ruimus

670 800 762 864 XCVI

219 1059 271 1129 Sic
289 1060 386 1149 igitur
403 1067 498 1149 portu
517 1060 622 1131 classis
640 1061 777 1132 demissa
795 1063 917 1144 relicte,

219 1182 306 1253 Clara
324 1182 534 1276 Amphitrites
552 1193 656 1255 rostro
674 1196 842 1276 spumante
861 1188 986 1259 secabat

217 1307 376 1398 Aequora,
396 1307 568 1378 Nereidum
587 1310 666 1378 laeta
685 1312 852 1382 comitante
872 1333 999 1395 corona,

218 1431 304 1515 Quae
322 1431 427 1502 faciles
444 1433 622 1524 hilaresque
641 1445 748 1517 ruunt,
768 1435 913 1528 fidaeque
932 1449 1118 1528 sequuntur.

217 1557 338 1627 Ductor
356 1566 388 1627 at
405 1559 533 1648 ignanrs
552 1559 682 1630 technae
701 1560 884 1653 fraudisque
903 1572 1041 1654 paratae,

217 1681 385 1772 Promptus
403 1682 435 1750 in
454 1683 584 1752 exitium
602 1685 730 1756 Maurus
749 1705 845 1776 quam
865 1697 971 1758 mente
989 1688 1120 1772 vnintat,

216 1806 312 1877 Multa
330 1827 426 1898 super
443 1807 514 1878 latis
532 1809 687 1900 rogitabat
705 1811 898 1901 regionibus,
919 1812 1015 1883 indus

217 1932 301 2016 eras
320 1931 414 2023 rigat,
433 1940 527 2024 atque
546 1953 650 2025 super,
671 1936 780 2005 mundi
799 1957 878 2028 quas
895 1939 1056 2028 praeterit,
1077 1941 1151 2010 eris

662 2292 765 2357 XCVII

213 2553 344 2624 biamus
362 2563 393 2624 at
411 2552 529 2624 insidiis
546 2554 718 2626 instructus
735 2564 766 2626 et
786 2564 852 2626 arte
871 2556 974 2647 Lyaei,

213 2679 370 2749 Luserum
389 2679 474 2748 exitii
493 2699 588 2770 quem
607 2680 723 2750 iecerat
737 2680 786 2770 ira
804 2682 1002 2770 magistrum,

212 2801 316 2874 Mente
334 2803 430 2894 agitat
448 2823 527 2873 nova
545 2804 667 2886 damna,
687 2804 803 2894 quibus
821 2804 871 2874 vel
889 2805 1024 2886 vincula,
1045 2816 1180 2878 mortem

213 2927 270 2998 Vel
288 2937 387 3020 paret,
409 2939 480 3000 ante
498 2938 581 3000 rates
599 2951 694 3022 quam
712 2930 869 3022 portubus
887 2930 997 3002 inierat
1015 2932 1109 3004 indis.

213 3053 374 3144 Quidquid
392 3063 424 3124 et
440 3055 516 3124 Eois
534 3054 645 3124 ductor
663 3055 703 3124 de
721 3055 865 3146 partibus
883 3064 981 3146 optat,

212 3178 301 3250 Scire
320 3199 443 3270 rogans,
464 3179 520 3250 tabi
539 3189 649 3270 portus
667 3182 758 3262 inest,
777 3181 832 3250 ubi
852 3182 968 3263 littora,
989 3183 1073 3253 claro

211 3302 353 3393 Explicat
371 3303 494 3394 eloquio
500 3326 508 3386 ;
531 3304 704 3394 quaedum
723 3325 800 3394 gens
818 3305 928 3376 Martia
947 3307 1065 3376 Lusum

210 3426 293 3498 Vera
310 3437 410 3520 putat,
432 3427 516 3499 nuilo
534 3429 701 3500 turbantur
719 3430 815 3502 corda
833 3432 957 3506 timere.

648 3789 762 3853 xcvut

208 4050 273 4120 lum
291 4050 388 4132 addit,
411 4069 471 4140 qua
489 4050 599 4122 fraude
617 4051 714 4123 Sinon
732 4049 861 4122 Troiana
881 4052 988 4122 fefellit

205 4175 353 4265 Agmina,
374 4195 436 4245 non
454 4177 548 4267 lenge
567 4176 682 4247 distare
701 4197 737 4246 ea
755 4177 859 4249 littora
877 4186 989 4266 punto:

205 4299 321 4381 Insula,
341 4301 395 4380 ait,
416 4299 514 4370 vicina
529 4300 623 4390 jacet,
645 4321 740 4392 quam
759 4302 862 4372 dedita
881 4301 1005 4371 Christo
1137 4377 1140 4388 ,

205 4427 290 4497 Gens
309 4425 437 4506 habitat,
457 4447 645 4519 semperque
663 4429 731 4517 pios
749 4427 905 4497 habitasse
923 4438 1069 4518 penates·

204 4549 365 4620 Creditur.
384 4550 428 4619 At
445 4551 568 4634 ductor,
589 4553 641 4642 qui
662 4552 812 4641 providus
830 4553 935 4621 omnia
954 4561 1069 4634 servat,

204 4651 263 4743 Hic
280 4675 358 4744 tales
377 4674 482 4744 subite
501 4676 643 4765 concepit
660 4685 787 4765 pectere
805 4684 910 4746 motus

202 4799 364 4880 Laetitiae,
382 4807 418 4868 ut
436 4799 582 4871 Maurum
601 4800 691 4870 donis
708 4799 887 4891 ingentibus
905 4810 983 4882 eret,

202 4923 258 5007 Ut
280 4945 344 5018 quo
362 4945 439 5015 gens
457 4925 586 5007 habitat,
607 4947 641 4998 se
660 4935 728 4998 tuto
747 4929 778 4997 in
797 4929 900 4998 littore
918 4929 1016 4998 sistat.
