3384 5372
585 516 675 563 LIBER
694 515 797 565 NONUS

628 772 768 835 LXXVIII

199 1033 285 1104 Siste
304 1032 438 1125 gradum
457 1035 596 1116 tandem,
616 1055 690 1104 nam
707 1056 759 1105 me
779 1056 907 1128 quoque
928 1038 1009 1108 lassa
1029 1038 1155 1130 latIgas:

200 1158 235 1226 Si
253 1158 310 1228 das
329 1167 418 1250 terga
437 1159 528 1248 fugae
549 1179 589 1229 ne
609 1167 641 1228 te
660 1181 730 1230 mea
747 1160 874 1230 bracIna
893 1169 1032 1252 tangant,

200 1283 275 1354 Tale
293 1305 403 1354 meum
428 1293 476 1354 est
500 1285 610 1367 latum,
629 1287 829 1380 utquamris
852 1288 902 1358 hic
925 1288 1016 1358 firma
1033 1309 1192 1371 maneres,

200 1408 271 1478 Non
290 1409 374 1479 sinet
392 1419 428 1478 ut
445 1411 567 1501 possim
586 1410 717 1480 demum
735 1420 767 1480 te
785 1413 945 1503 prendere
964 1413 1085 1484 dextra.

201 1533 286 1603 Siste
304 1537 457 1624 gradum;
475 1535 621 1626 justene
642 1535 686 1605 sis
704 1538 860 1607 contraria
873 1546 962 1609 roto:

201 1659 290 1729 Scire
309 1660 382 1731 volo
402 1665 538 1752 quanam
557 1669 682 1753 perstet
701 1663 823 1734 ratione
842 1684 960 1734 nocere

201 1783 280 1854 Sors
298 1785 433 1868 misero;
455 1786 560 1856 forsan
581 1794 614 1856 lu
635 1786 770 1877 denique
789 1787 896 1858 dicere
915 1788 1035 1879 possis:

205 1909 327 1981 «Estne
350 1910 463 2003 aliquis
486 1933 598 1983 murus
622 1913 734 1984 lalcem
753 1913 846 1996 iuter,
867 1925 899 1985 et
917 1915 1000 1985 iuter
1018 1915 1187 1986 aristamln
1290 1951 1294 1958 ·

638 2273 756 2338 LXXIV

201 2535 266 2606 Ab!
288 2538 439 2618 consiste,
459 2557 592 2628 precor;
613 2558 653 2606 ne
673 2559 724 2608 me
743 2538 832 2628 fuge:
855 2538 900 2608 sic
918 2537 1026 2608 brevis
1044 2539 1144 2621 annis,

201 2661 295 2733 Sorte
314 2662 418 2753 mgax,
438 2663 524 2735 nullo
542 2673 595 2734 tua
615 2672 760 2755 tempore
778 2664 878 2734 lomna
897 2673 1057 2736 senescat:

201 2786 259 2857 llic
277 2795 401 2858 tantum
422 2788 449 2858 si
468 2797 552 2859 mota
571 2807 701 2879 premas
719 2788 861 2878 vestigia,
881 2788 966 2858 vires

200 2911 360 2982 Fortunae
378 2912 496 2994 vinces
518 2922 550 2982 et
569 2911 770 2984 ineluctabile
788 2913 895 2982 latum.

201 3038 272 3107 Dux
288 3038 396 3108 nullus
416 3039 519 3120 fortis,
539 3038 701 3108 validusre
721 3039 879 3108 exercitus
897 3057 1038 3128 unquam

199 3163 302 3232 iratae
321 3164 438 3253 poterit
457 3163 601 3234 fortunae
621 3163 794 3254 infringere
814 3164 907 3244 vires,

199 3288 290 3373 Quae
308 3289 393 3358 votis
414 3288 550 3359 adversa
569 3289 649 3360 meis
666 3289 825 3360 obsistere
845 3297 980 3379 perstat:

80 3503 86 3518 .
199 3413 267 3484 Hoc
285 3421 321 3482 tu
340 3413 406 3484 sola
424 3422 525 3505 potes,
547 3413 573 3483 si
592 3433 644 3484 me
665 3423 835 3505 expectare
854 3414 1000 3505 placebit.

640 3783 747 3848 LXXX

200 4046 345 4117 lulensae
363 4047 440 4117 milri
459 4048 603 4118 lortunae
622 4057 654 4118 te
673 4046 817 4138 partibus
836 4049 939 4130 addis;

198 4170 291 4241 Nulla
311 4179 359 4241 est
377 4171 409 4241 in
427 4171 546 4242 victum
565 4173 679 4243 victori
697 4173 850 4242 accedere
869 4172 986 4242 virtus:

199 4295 295 4366 Liber
313 4315 410 4378 eram,
429 4297 525 4387 periit
544 4297 674 4368 libertas
693 4297 846 4389 pristina:
867 4295 967 4368 redde

199 4417 389 4511 Abreptam:
410 4441 523 4491 curres
543 4431 612 4492 tum
631 4422 677 4492 sic
695 4422 836 4492 velocius
855 4422 932 4512 ipsa.

198 4543 310 4616 Nonne
334 4565 431 4636 grave
456 4554 507 4616 est
530 4547 596 4630 tibi,
615 4545 769 4658 Nyrppba
790 4567 824 4618 ac
847 4545 1043 4617 intolerabile
1066 4519 1191 4637 pondus

199 4669 301 4754 Quam
320 4679 356 4740 tu
375 4670 440 4740 Iers
461 4671 584 4742 animae
604 4672 752 4754 miserae,
771 4672 995 4763 pulcherrima,
1015 4680 1130 4754 tecum,

200 4794 271 4865 Istis
290 4797 426 4868 innexae
445 4797 499 4889 qui
518 4798 648 4868 vincunt
667 4799 808 4869 crinibus
829 4801 964 4870 aurum‘l

200 4917 268 4988 Iam
288 4921 441 5012 grauitate
460 4930 548 4993 caret
566 4931 737 5014 postquam
757 4924 877 5014 captiua
898 4923 1064 5015 gemiscit?

268 5047 296 5092 aa
