3406 5378
920 445 1076 494 musianus

923 701 1077 764 LXXXVll

502 963 604 1036 Cerne
622 964 718 1035 alium
736 964 856 1044 subter,
877 984 972 1056 quem
991 985 1123 1056 corpora
1141 964 1242 1035 laevia
1261 967 1407 1057 pingunt,

501 1089 622 1161 Omant
639 1099 671 1160 et
688 1087 784 1160 radiis
802 1089 924 1160 circum
942 1089 1092 1177 fulgentia
1112 1097 1225 1160 totum.

501 1215 588 1286 llaec
606 1214 701 1285 etiam
720 1234 816 1285 cursu
833 1233 961 1306 semper
978 1216 1146 1306 rapiuntur
1164 1215 1287 1294 eodem

500 1337 542 1408 Et
560 1337 699 1429 propriis
716 1337 853 1408 tremulo
871 1337 1042 1408 scintillant
1060 1337 1171 1408 axibus
1189 1341 1274 1430 igne.

501 1458 624 1552 Aspicis
643 1469 678 1532 ut
695 1460 758 1530 late
776 1460 927 1531 radiantia
944 1460 1048 1532 sidera
1067 1481 1145 1532 zona

500 1585 635 1668 Vestiat,
655 1595 687 1656 et
704 1584 829 1676 lulgens
846 1585 943 1656 rutilo
961 1585 1158 1678 splendescat
1176 1588 1208 1658 in
1227 1607 1316 1668 curo,

501 1711 604 1796 Quam
621 1709 717 1780 variis
734 1708 878 1780 duodena
896 1718 1004 1780 notant
1022 1710 1167 1782 animalia
1184 1711 1295 1802 signis,

501 1835 590 1920 Quae
608 1833 735 1906 Phoebo
753 1843 894 1906 statuunt
912 1845 1001 1906 certo
1018 1855 1077 1926 pro
1094 1843 1239 1926 tempore
1257 1835 1374 1906 sedesi

914 2195 1082 2260 LXXXVlll

455 2553 456 2556 Ἴ
501 2456 616 2550 Aspice
635 2457 769 2529 diversis
786 2479 867 2550 quae
884 2458 1039 2550 partibus,
1060 2468 1142 2530 astra
1160 2459 1330 2549 relulgent,

500 2583 545 2656 Ut
562 2583 721 2674 picturato
739 2583 933 2675 distinguant
950 2582 1088 2654 culmine
1107 2585 1233 2655 coelum
1240 2605 1251 2656 :.

498 2706 600 2778 Cerne
618 2708 746 2798 pigrum
764 2708 956 2790 Plaustrum,
971 2707 1165 2799 Cynosuram
1180 2727 1286 2790 cerne,
1306 2716 1491 2799 patremque

498 2830 732 2914 Andromedae,
752 2830 1051 2922 Andromedamque
1069 2832 1173 2912 simul,
1191 2831 1362 2923 dirumque
1376 2831 1553 2905 Draconem

498 2954 612 3047 Aspice
630 2977 693 3048 quo
708 2957 806 3048 jactet
824 2977 858 3028 se
876 2955 1063 3048 Cassiopaea
1081 2956 1209 3040 decore,

499 3081 657 3152 Horridus
674 3091 705 3152 et
722 3082 812 3151 vultu
830 3101 927 3172 quam
944 3080 1046 3151 sidera
1065 3080 1172 3152 turbet
1190 3080 1304 3151 Orion:

498 3204 613 3295 Aspice
630 3203 757 3296 lugubri
774 3207 965 3276 morientem
982 3206 1014 3274 in
1033 3205 1175 3276 carmine
1193 3203 1338 3294 Cycnum
1348 3226 1357 3286 ;

499 3327 603 3400 Cerne
614 3327 726 3411 Canes,
739 3329 907 3420 Leporem,
920 3329 1114 3420 Naremque,
1127 3328 1305 3420 Lyramque
1315 3338 1487 3401 sonantem.

922 3690 1066 3754 LXXXIX

498 3951 564 4021 llic
582 3951 641 4022 sub
659 3951 742 4023 mole
761 3951 847 4044 globi
865 3953 1017 4024 stellantis
1035 3971 1130 4024 cerne
1148 3954 1269 4023 moveri

497 4077 624 4148 Saturni
642 4078 748 4168 prisco
766 4079 927 4170 regnantis
945 4087 1089 4170 tempore
1106 4079 1244 4160 coelum;

497 4201 622 4292 Jupiter
640 4201 712 4271 inde
730 4221 825 4272 suum
842 4201 1023 4273 circumlert
1040 4203 1183 4274 concitus
1200 4201 1325 4285 orbem3

496 4327 582 4396 Mars
598 4325 676 4396 inira
695 4327 828 4418 rapitur,
848 4327 903 4418 qui
921 4327 1031 4398 bellica
1049 4336 1226 4398 commovet
1244 4347 1347 4397 arma:
1436 4409 1441 4426 ¹

495 4451 584 4522 Coeli
602 4451 712 4524 oculus
730 4457 841 4544 quarta
858 4454 976 4524 nitidus
993 4454 1126 4524 stalionc
1144 4453 1293 4545 refulget3

467 4612 469 4629 =
497 4575 570 4648 lllox
585 4576 704 4660 Venus,
723 4577 755 4646 in
774 4578 896 4667 gremio
914 4578 1021 4650 dulces
1039 4599 1120 4670 quae
1138 4579 1238 4670 gignit
1254 4597 1392 4661 amores3
1460 4589 1462 4592 ’

497 4699 674 4771 Mercurius
692 4701 743 4770 oui
760 4699 853 4772 docta
871 4702 975 4792 placet
992 4700 1136 4772 lacundia
1151 4701 1293 4793 linguam

498 4825 620 4896 Ultima
638 4845 672 4894 se
692 4826 806 4915 triplici
825 4827 948 4917 lulgens
966 4837 1049 4898 rotat
1067 4849 1122 4899 ore
1140 4828 1247 4899 Diana.
