3384 5370
585 481 673 528 UBER
694 481 834 536 QUARTUS

683 739 734 800 Xll

209 999 356 1076 loannes,
376 999 477 1068 uirtus
496 1001 545 1067 cui
564 1001 609 1068 sic
627 1020 645 1069 e
662 1010 791 1090 pectore
810 1003 922 1072 crescit

209 1122 331 1202 Martia,
351 1123 482 1192 Sunsoni
501 1144 559 1194 ceu
579 1134 722 1194 creuerat
740 1135 829 1195 aucta
847 1127 976 1216 capillis,

210 1247 335 1336 lugenio
353 1267 544 1338 quamquam
562 1250 689 1320 sublimi
707 1250 829 1320 hostilia
846 1260 965 1321 temnat

209 1369 356 1458 Agmina,
376 1371 507 1442 lusiucus
525 1381 629 1441 tumen
648 1373 728 1442 excit
748 1373 778 1442 in
799 1393 884 1442 arma
903 1374 1058 1452 cohortes,

209 1493 347 1584 Exiguos
364 1516 508 1566 numero.
529 1497 570 1566 Et
589 1487 780 1588 quamquam
798 1519 860 1568 uon
880 1497 986 1567 delicit
1004 1500 1055 1568 olli

209 1617 394 1700 Consilium,
414 1621 499 1710 cogit
517 1641 676 1710 proceres,
697 1623 848 1714 regnique
866 1631 1009 1692 senatum

210 1741 362 1823 Consulit,
383 1754 418 1814 ut
435 1747 535 1834 possit
554 1747 658 1815 uarios
678 1719 845 1836 agnoscere
865 1767 990 1827 sensus;

208 1867 341 1956 Semper
360 1869 442 1937 enim
462 1869 597 1939 trahitur
615 1870 717 1940 studia
736 1871 767 1939 in
787 1871 944 1940 contrarie
962 1871 1086 1961 vulgus.

667 2227 730 2290 Xlll

205 2489 270 2559 Nec
289 2489 377 2559 deest
395 2491 553 2560 communi
573 2512 590 2560 a
609 2510 702 2560 sensu
721 2493 775 2581 qui
794 2491 965 2581 discrepet:
987 2493 1074 2562 illum

205 2614 373 2685 Diversum
392 2636 408 2684 a
428 2618 519 2686 sociis
537 2617 642 2706 rapuit
661 2626 804 2706 suspecta
822 2618 974 2687 uoluntas.

206 2739 331 2809 Scilicet
349 2739 380 2807 in
399 2747 525 2830 turpem
544 2750 678 2830 spectata
698 2750 729 2810 et
747 2741 869 2830 cognita
888 2742 988 2810 virtus

206 2863 373 2932 Perfidiam
393 2865 515 2933 insolito
533 2865 617 2933 vitiis
636 2865 829 2934 conuertitur
847 2885 936 2934 ausu.

206 2985 310 3055 Vincit
328 2987 412 3057 iners
430 2987 616 3078 gelidusque
633 2997 738 3058 metus
755 2989 942 3078 praestantia
961 2990 1074 3058 mentis

205 3110 341 3192 Robora,
361 3112 565 3201 conceditque
583 3112 661 3182 tides
680 3113 783 3182 innata
802 3113 924 3182 timori:

205 3235 290 3325 Ergo
307 3245 420 3325 negant
437 3256 545 3326 regem
564 3246 595 3306 et
613 3238 757 3326 patrium,
778 3237 934 3328 Petroquc
952 3238 1110 3328 negabunt
1211 3279 1215 3288 ·

205 3358 368 3430 lissimiles
385 3361 500 3450 ipsum,
520 3370 646 3451 sperent
663 3362 690 3432 si
709 3361 806 3440 lucra,
826 3361 1008 3432 Tonantem.

508 3757 511 3764 ·
666 3721 731 3782 xlv

205 3981 294 4053 Haud
314 3991 417 4052 tamen
435 3983 494 4052 hoc
513 4003 580 4052 sese
598 3983 884 4084 foedavitcrimiue
902 3984 998 4054 lortis'

202 4109 341 4192 Nonius;¹
362 4108 448 4178 inlidi
466 4109 511 4178 sic
529 4109 663 4179 nominis
681 4109 804 4178 horruit
821 4110 979 4190 umbram,

203 4235 247 4305 Ut
266 4253 456 4324 quemquam
474 4242 596 4304 mutere
614 4235 709 4304 fidem
727 4233 864 4305 lruterua
880 4235 1003 4305 uideret

202 4359 343 4439 Pectora,
363 4357 573 4428 condemnans
592 4359 694 4428 varios
712 4357 743 4428 in
761 4367 890 4449 pectore
908 4367 1023 4440 motus,

203 4481 353 4572 Ambigui
371 4501 489 4562 sensus,
500 4483 632 4571 populos
650 4483 798 4564 firmavit,
818 4504 925 4554 umore

202 4605 349 4676 incensus
367 4606 496 4695 patriae,
517 4606 621 4694 rigido
639 4577 794 4686 sermone,
814 4627 974 4697 manuque

204 4731 336 4801 Admota
355 4731 476 4820 capulo,
497 4732 586 4802 rudis
604 4751 670 4812 ore,
690 4741 721 4802 et
739 4732 878 4803 fervidus
897 4733 954 4813 ira,

182 4935 184 4940 ¹
204 4855 265 4926 Ceu
283 4855 430 4925 minitans
448 4865 552 4926 terrae
569 4865 600 4926 et
618 4858 728 4946 pelago
745 4859 926 4947 mundoque
944 4858 1077 4928 ruinam.
