3406 5378
506 465 656 516 uoruaan
674 466 708 516 m
726 466 840 518 omnum
857 466 976 518 carrum
1272 443 1346 518 ΗΒ

714 725 771 792 att

243 809 333 884 lltios
352 809 498 900 imperio.

190 1001 264 1076 Quia
276 1003 307 1063 τό
321 1000 439 1086 imperio
454 1001 579 1086 proxime
593 1003 743 1090 praecedit,
760 1003 925 1070 scriberem:

245 1186 331 1256 Illius
348 1186 455 1276 jussu.

706 1296 779 1361 Llll

252 1434 283 1452 ..
302 1403 378 1452 .nec
396 1384 467 1472 lege
486 1401 544 1452 nec
563 1383 627 1452 aris

244 1507 427 1599 Indigenae.

190 1689 253 1754 Vox
266 1690 396 1773 indigena
408 1689 444 1753 aal
456 1689 546 1772 legem
561 1701 588 1754 ct
602 1709 665 1754 aras
679 1691 776 1754 referri
788 1710 845 1754 non
859 1702 958 1774 potest.

692 1966 789 2030 uviri

243 2052 349 2124 Aurea
368 2052 532 2122 candenti.
549 2104 582 2120 ..

189 2199 338 2322 npta'neon
350 2255 500 2300 auroanon
510 2237 638 2318 congruit
647 2235 745 2299 Lunae
754 2255 827 2319 quae
837 2237 931 2300 verius
941 2235 1194 2318 diciturargentoa.
1208 2239 1266 2304 Hor
1276 2239 1344 2304 duos

138 2354 236 2400 versus
251 2337 289 2398 ita
302 2335 423 2416 roingo:

244 2519 315 2590 Alta
334 2520 418 2610 regit
431 2520 519 2590 coeio
538 2539 669 2590 currum
688 2517 877 2589 nitidissima
895 2519 1033 2599 Phoebe,

241 2643 375 2738 Argenti
396 2645 539 2716 referunt
557 2645 708 2736 neptunia
727 2651 817 2736 prata
837 2643 987 2716 colorem.

244 2833 287 2906 Ut
306 2831 427 2904 nitidi..
444 2885 475 2902 ..

177 3025 208 3088 Si
221 3025 251 3086 τὸ
264 3025 341 3089 nitidi
355 3025 402 3087 hic
417 3023 560 3106 displiceat
574 3023 649 3105 quod
664 3023 753 3106 primo
766 3023 893 3105 strophes
905 3043 988 3086 versu
1002 3023 1110 3104 legatur
1121 3024 1221 3100 nitore,
1234 3044 1284 3108 pro
1298 3026 1340 3089 ni·

135 3125 186 3188 tidi
202 3136 320 3207 ponatur
334 3122 405 3186 varii
420 3134 469 3185 aut
482 3123 559 3205 picti.
573 3121 720 3198 Admotae,
736 3141 773 3188 an
786 3121 908 3202 rejicias,
925 3123 1032 3185 ciccum
1045 3141 1102 3184 non
1116 3122 1279 3188 interduim.

702 3434 774 3498 LXI

241 3520 397 3593 Exhaurit
401 3571 525 3590 ......

188 3715 298 3778 Poterat
312 3712 366 3776 dici
376 3734 382 3775 :
394 3713 533 3778 Exsiccat.
548 3712 645 3778 Cicem
656 3711 941 3805 scripsitseuaioccrc
950 3713 1077 3796 iuuenca.

423 4053 428 4072 Ι
682 3985 785 4052 uxru

176 4168 180 4176 Ι
241 4075 342 4147 Fidei.

187 4269 363 4333 Vocabulum
374 4269 404 4332 in
416 4269 468 4332 hoc
479 4288 564 4332 sensu
575 4270 669 4333 minus
679 4282 720 4333 est
729 4269 856 4345 latinum,
868 4269 916 4332 scd
928 4269 956 4332 in
965 4268 1116 4332 christiano
1129 4269 1263 4353 scriptore
1276 4269 1340 4334 tole·

136 4369 264 4431 randum.
284 4369 396 4430 Touana
407 4368 559 4450 improprie
569 4366 603 4429 de
613 4369 748 4431 vcroDeo
758 4379 926 4451 ustarpatur;
938 4367 1117 4430 sedetiamin
1128 4367 1272 4432 Prudentii
1282 4388 1341 4432 aar·

135 4466 255 4532 minibus
269 4469 416 4550 reperitur,
434 4487 459 4530 e.
476 4486 504 4548 g.
521 4466 551 4529 in
565 4466 676 4550 Hymno
689 4467 864 4551 Epiphanio.
877 4466 997 4530 Veteris.
1011 4466 1120 4530 Malim:
1139 4469 1251 4530 summi.

241 4649 417 4723 Concordia
437 4647 645 4744 (praecepta).

294 4844 484 4906 Praeferrem:
496 4843 661 4920 conformia,
671 4843 833 4907 auctoritate
843 4844 928 4907 nixus
939 4843 1232 4926 SidoniiApoliiuaris.
