3384 5372
610 456 698 504 brnen
716 455 816 534 NONUS

689 715 739 778 XC

217 981 351 1050 Numina
369 997 442 1048 nam
459 978 570 1047 divum
587 997 668 1068 qnae
687 977 817 1067 pristina
835 976 969 1048 finxerat
989 987 1084 1059 aetas,

217 1106 338 1176 Heroas
356 1103 489 1184 inerant,
511 1122 591 1192 quos
608 1122 723 1192 magno
742 1101 872 1173 ardebat
890 1122 1008 1184 amore,

217 1229 257 1298 Et
275 1247 355 1318 quos
372 1226 425 1295 illa
443 1227 515 1318 polo
535 1225 677 1296 stellante
697 1226 802 1294 insana
820 1226 949 1294 locavit:

217 1352 271 1422 Sic
289 1351 372 1422 clara
390 1350 516 1419 illorum
534 1350 676 1420 volitavit
695 1350 775 1418 lama
793 1369 850 1439 per
869 1349 991 1419 orbem.

218 1477 283 1560 llos
300 1494 453 1566 peperere
471 1473 533 1543 illis
550 1493 715 1564 supremos
735 1475 846 1564 inclyta
864 1471 999 1543 bonores

217 1601 293 1670 Belli
311 1600 400 1681 laeta,
420 1599 509 1669 labor
526 1601 647 1689 magnis
666 1601 823 1668 exereitus
839 1599 915 1668 olim
978 1647 982 1656 -

216 1724 251 1793 ln
270 1723 376 1805 rebus,
398 1723 518 1793 cunetis
536 1741 662 1812 semper
680 1723 795 1791 virtute
814 1721 975 1812 magistri,

217 1847 325 1919 Ardua
344 1870 425 1940 quae
444 1849 595 1938 primurn,
617 1848 714 1917 laeilis
732 1846 767 1916 sit
785 1856 936 1938 grataque
955 1846 1094 1917 demum.

681 2207 742 2269 XCl
804 2206 814 2224 ‘

217 2471 300 2542 Talia
318 2472 420 2560 prisca
438 2470 523 2541 dedit
542 2489 599 2561 pro
618 2472 739 2560 magnis
757 2469 884 2539 ausibus
903 2478 988 2539 aetas

217 2593 369 2676 Praemia,
388 2615 450 2665 non
469 2594 613 2664 dubitans
632 2595 781 2663 solemnia
800 2593 932 2663 reddere
950 2601 1022 2663 vota

217 2719 274 2789 llis
291 2721 356 2809 qui,
377 2718 537 2798 mortales,
558 2718 657 2787 lerme
676 2716 778 2786 divina
796 2722 966 2807 patrarant,

216 2843 348 2915 Artibus
365 2844 520 2934 ingenuis,
541 2851 594 2913 aut
612 2841 687 2912 belli
705 2841 797 2912 lande
810 2844 958 2913 nitentes

216 2969 350 3059 Jupiter,
371 2977 402 3037 et
420 2969 519 3048 Titan,
541 2976 572 3037 et
590 2967 687 3059 Majae
705 2967 800 3046 filins,
821 2977 852 3036 et
870 2967 966 3047 Mars,

215 3092 379 3172 Romulus,
395 3090 529 3171 Aeneas,
549 3098 619 3159 nata
637 3100 668 3160 et
687 3090 749 3160 dno
768 3091 897 3159 numina
914 3089 1041 3171 Thebis,

214 3217 328 3298 Pallas,
348 3217 440 3296 June,
461 3214 568 3295 Ceres,
587 3214 704 3285 Phoebi
723 3235 812 3284 soror
831 3215 912 3284 alma
931 3214 1040 3295 Diana,
1118 3189 1120 3196 ’

215 3341 329 3431 Stirpis
347 3329 589 3418 erantnostrae‚
610 3348 641 3408 et
660 3339 799 3408 mortalis
818 3339 978 3429 sanguinis
996 3359 1116 3409 omnes.

674 3699 749 3762 XGll

215 3965 278 4035 Sed
296 3963 410 4032 merita
427 3962 563 4042 illorum,
584 3962 671 4031 coelo
690 3962 871 4050 dignissima
890 3927 1008 4030 ducens

216 4089 299 4160 Gens
317 4086 463 4166 bumana,
483 4085 586 4155 modis
604 4086 693 4155 miris
711 4084 861 4154 extollere
879 4084 997 4172 monim

161 4303 163 4308 ι
214 4216 397 4302 Heroasqne
416 4231 488 4280 suos
507 4210 613 4291 coluit,
634 4210 693 4280 snb
711 4209 836 4278 nomine
854 4197 975 4287 dirum,

214 4338 407 4416 Semidedm,
427 4335 613 4424 indigetem,
632 4353 829 4421 magnorum,
849 4331 978 4402 oredola
995 4331 1097 4402 turba.

214 4463 278 4533 Vos
296 4462 404 4550 igitur,
421 4459 504 4549 justa
522 4458 669 4547 dulcique
688 4457 834 4546 cupidine
853 4455 992 4536 landum,

214 4589 249 4657 Si
266 4586 360 4654 vultis
378 4584 512 4653 similem
531 4583 651 4652 meritis
670 4581 835 4670 acquirere
854 4579 980 4661 lamam,

212 4711 358 4781 Eneutite
376 4708 534 4798 ignavum,
557 4727 619 4796 quo
637 4714 763 4795 torpent
781 4712 918 4794 pectora,
939 4723 1101 4785 somnum;

214 4835 327 4905 Libera
344 4853 433 4904 mens
452 4833 567 4922 vigeat,
588 4831 690 4920 ruptis
709 4829 935 4920 queisoumque
954 4829 1079 4898 eatenis.
