3394 5372
898 463 1050 512 instando

936 721 1014 812 nnn

480 989 514 1058 Si
533 989 604 1078 quis
622 987 682 1056 erit
701 981 805 1056 tamen
824 1005 898 1054 ense
916 985 991 1054 veiit
1009 984 1062 1074 qui
1082 984 1179 1053 iretus
1198 992 1230 1052 et
1247 983 1347 1066 hasta,

479 1112 607 1181 iilarum
626 1130 736 1200 campo
754 1109 916 1199 dotesque,
937 1108 1095 1198 decusque
1115 1109 1208 1188 tueri,

479 1237 520 1305 Se
539 1235 606 1306 iore
624 1237 673 1304 vel
692 1235 792 1324 campi
810 1253 927 1324 pugna,
946 1232 993 1302 vei
1011 1232 1140 1322 pulvere
1158 1232 1245 1311 circi,

480 1363 570 1431 Hunc
588 1368 697 1451 petere
718 1358 908 1449 opprobriis,
928 1358 978 1427 vei
998 1357 1106 1427 toiiere
1124 1366 1228 1427 morte
1245 1367 1386 1448 paratos:

479 1485 521 1556 At
539 1505 616 1576 gens
635 1485 685 1554 iiia
704 1485 766 1574 pati
786 1483 918 1552 convitia
937 1483 1052 1562 nescia,
1073 1481 1192 1552 iraudis

479 1609 658 1700 impatiens,
678 1629 771 1677 senus
789 1617 820 1677 et
839 1616 960 1676 tantum
980 1615 1098 1676 annata
1117 1605 1249 1696 pudore,

479 1733 620 1814 iliorum,
640 1733 785 1823 supplex,
805 1733 844 1802 ad
864 1731 954 1802 iortia
973 1732 1112 1822 confugit
1131 1750 1218 1800 arma

479 1857 566 1940 Quos
583 1877 673 1926 amor
691 1864 744 1926 aut
762 1873 850 1926 caros
869 1854 982 1934 reddit,
1004 1854 1170 1944 sanguisre
1189 1855 1393 1943 propinquos.

921 2216 1009 2279 XLV!

480 2479 626 2549 Attamen
646 2481 787 2569 ingentes
804 2479 991 2570 opibusque,
1011 2489 1042 2549 et
1060 2479 1180 2550 uiribus
1198 2478 1304 2548 hostes

479 2605 649 2674 Deterrent
668 2606 798 2686 animos,
818 2605 914 2694 adigit
933 2625 989 2674 nec
1009 2603 1139 2673 tondere
1158 2613 1266 2674 contra
1317 2669 1318 2672 ,

479 2729 544 2800 dut
562 2733 688 2821 sanguis
706 2709 963 2820 consanguineos
985 2739 1037 2800 ant
1056 2729 1137 2818 ignis
1156 2738 1305 2810 amantes

479 2854 694 2945 Frigescitque
712 2866 799 2925 metu
818 2856 866 2924 vis
884 2856 1055 2944 sanguinis
1076 2853 1170 2923 ardor
1189 2856 1320 2922 amoris:

479 2975 576 3046 Arma
595 2979 665 3048 iiiae
684 2977 743 3048 sibi
761 2987 832 3048 nota
852 2988 973 3068 parant,
994 2978 1205 3067 lacrymisque
1225 2977 1356 3056 decoris,

479 3101 545 3191 (Sic
563 3110 689 3191 possent
707 3123 922 3192 quoscumque
942 3102 1083 3170 homines
1102 3101 1288 3191 coetumque
1306 3101 1446 3190 movere)

429 3279 432 3288 ,
479 3225 564 3309 Quas
581 3227 670 3296 doior
688 3227 831 3306 effundit,
852 3229 988 3297 innuosa
1008 3226 1184 3315 rigantibus
1203 3247 1270 3305 ora,

480 3350 574 3419 Tecta
592 3351 682 3420 ducis
699 3352 860 3421 Lancastri
880 3351 1007 3431 adeunt:
1027 3351 1178 3441 iliumque
1198 3359 1376 3441 precantur.

925 3710 1026 3772 xttlt

480 3972 538 4042 iiic
555 3973 653 4042 iiiarte
673 3973 869 4063 imperioque
887 3980 1007 4063 potens,
1029 3973 1176 4062 socioque
1195 3971 1351 4063 superbus

480 4098 613 4188 Agmine
631 4099 798 4178 Lnsorum,
818 4097 969 4168 Casteiiae
988 4100 1140 4167 invaserat
1158 4114 1244 4178 arna,

479 4223 535 4293 Est
553 4223 606 4293 ubi
626 4232 806 4292 nostrorum
824 4223 973 4292 virtutem
993 4232 1143 4312 expertus
1163 4221 1318 4300 inarmis,

478 4349 620 4418 Euentus
637 4347 712 4417 beili
732 4347 859 4430 faustos
881 4358 1060 4438 sortemque
1079 4347 1265 4437 benignam;

478 4473 544 4542 Nec
563 4472 667 4540 minus
685 4471 823 4540 adiectus
842 4471 1005 4540 ardescere
1024 4481 1150 4561 pectora
1170 4471 1305 4540 iiammis

478 4597 637 4676 Senserat,
657 4603 687 4664 et
706 4595 806 4664 duicis
824 4595 1011 4665 documenta
1030 4605 1196 4685 exceperat
1215 4596 1310 4686 ignis,
1357 4583 1360 4590 ’

479 4720 598 4788 Lusum
617 4737 717 4806 quom
734 4718 810 4787 uidit
829 4717 927 4787 iormd
946 4719 1160 4789 flammescere
1179 4728 1281 4800 natae,

478 4847 593 4919 Noster
612 4845 661 4913 cui
681 4845 826 4934 princeps
844 4865 877 4914 se
896 4865 984 4914 sacro
1003 4843 1128 4914 ioedere
1145 4843 1259 4935 junxit.
