<?xml version="1.0" encoding="UTF-8"?>
<!DOCTYPE html PUBLIC "-//W3C//DTD XHTML 1.0 Transitional//EN"
    "http://www.w3.org/TR/xhtml1/DTD/xhtml1-transitional.dtd">
<html xmlns="http://www.w3.org/1999/xhtml" xml:lang="en" lang="en">
 <head>
  <title>
</title>
<meta http-equiv="Content-Type" content="text/html;charset=utf-8" />
  <meta name='ocr-system' content='tesseract 3.04.00' />
  <meta name='ocr-capabilities' content='ocr_page ocr_carea ocr_par ocr_line ocrx_word'/>
</head>
<body>
  <div class='ocr_page' id='page_1' title='image "./alusiadadeluizd00deslgoog_0186.png"; bbox 0 0 3384 5370; ppageno 0'>
   <div class='ocr_carea' id='block_1_1' title="bbox 605 383 855 438">
    <p class='ocr_par' dir='ltr' id='par_1_1' title="bbox 605 383 855 438">
     <span class='ocr_line' id='line_1_1' title="bbox 605 383 855 438; baseline 0.012 -10"><span class='ocrx_word' id='word_1_1' title='bbox 605 383 693 429; x_wconf 82' lang='lat' dir='ltr'>LIBER</span> <span class='ocrx_word' id='word_1_2' title='bbox 712 383 855 438; x_wconf 72' lang='lat' dir='ltr'><strong>QUARTUS</strong></span> 
     </span>
    </p>
   </div>
   <div class='ocr_carea' id='block_1_2' title="bbox 670 640 785 702">
    <p class='ocr_par' dir='ltr' id='par_1_2' title="bbox 670 640 785 702">
     <span class='ocr_line' id='line_1_2' title="bbox 670 640 785 702; baseline 0.009 -1"><span class='ocrx_word' id='word_1_3' title='bbox 670 640 785 702; x_wconf 78' lang='lat' dir='ltr'>xtvfll</span> 
     </span>
    </p>
   </div>
   <div class='ocr_carea' id='block_1_3' title="bbox 228 901 1119 1868">
    <p class='ocr_par' dir='ltr' id='par_1_3' title="bbox 231 901 1001 993">
     <span class='ocr_line' id='line_1_3' title="bbox 231 901 1001 993; baseline 0.003 -23"><span class='ocrx_word' id='word_1_4' title='bbox 231 901 298 970; x_wconf 88' lang='lat' dir='ltr'>Non</span> <span class='ocrx_word' id='word_1_5' title='bbox 320 901 384 968; x_wconf 89' lang='lat' dir='ltr'>vult</span> <span class='ocrx_word' id='word_1_6' title='bbox 403 901 470 970; x_wconf 83' lang='lat' dir='ltr'>llex</span> <span class='ocrx_word' id='word_1_7' title='bbox 489 911 596 970; x_wconf 89' lang='lat' dir='ltr'>noster</span> <span class='ocrx_word' id='word_1_8' title='bbox 613 903 699 972; x_wconf 94' lang='lat' dir='ltr'>molli</span> <span class='ocrx_word' id='word_1_9' title='bbox 719 911 896 992; x_wconf 76' lang='lat' dir='ltr'>torpescere</span> <span class='ocrx_word' id='word_1_10' title='bbox 916 925 1001 993; x_wconf 87' lang='lat' dir='ltr'>pace,</span> 
     </span>
    </p>

    <p class='ocr_par' dir='ltr' id='par_1_4' title="bbox 228 1021 1119 1868">
     <span class='ocr_line' id='line_1_4' title="bbox 230 1021 1107 1118; baseline 0.006 -23"><span class='ocrx_word' id='word_1_11' title='bbox 230 1021 315 1096; x_wconf 88' lang='lat' dir='ltr'>Usus</span> <span class='ocrx_word' id='word_1_12' title='bbox 333 1027 364 1094; x_wconf 94' lang='lat' dir='ltr'>in</span> <span class='ocrx_word' id='word_1_13' title='bbox 383 1047 468 1095; x_wconf 85' lang='lat' dir='ltr'>arma</span> <span class='ocrx_word' id='word_1_14' title='bbox 487 1028 586 1116; x_wconf 88' lang='lat' dir='ltr'>repit;</span> <span class='ocrx_word' id='word_1_15' title='bbox 607 1027 737 1117; x_wconf 83' lang='lat' dir='ltr'>propior</span> <span class='ocrx_word' id='word_1_16' title='bbox 756 1048 855 1118; x_wconf 91' lang='lat' dir='ltr'>quum</span> <span class='ocrx_word' id='word_1_17' title='bbox 874 1029 979 1098; x_wconf 83' lang='lat' dir='ltr'>deficit</span> <span class='ocrx_word' id='word_1_18' title='bbox 999 1029 1107 1110; x_wconf 79' lang='lat' dir='ltr'>hostis,</span> 
     </span>
     <span class='ocr_line' id='line_1_5' title="bbox 230 1151 1119 1246; baseline 0.007 -28"><span class='ocrx_word' id='word_1_19' title='bbox 230 1151 331 1234; x_wconf 86' lang='lat' dir='ltr'>Quem</span> <span class='ocrx_word' id='word_1_20' title='bbox 351 1151 443 1220; x_wconf 89' lang='lat' dir='ltr'>tellus</span> <span class='ocrx_word' id='word_1_21' title='bbox 460 1160 568 1242; x_wconf 83' lang='lat' dir='ltr'>negat,</span> <span class='ocrx_word' id='word_1_22' title='bbox 587 1153 753 1242; x_wconf 79' lang='lat' dir='ltr'>impatiens</span> <span class='ocrx_word' id='word_1_23' title='bbox 770 1153 837 1222; x_wconf 75' lang='lat' dir='ltr'>nult</span> <span class='ocrx_word' id='word_1_24' title='bbox 856 1174 1006 1245; x_wconf 79' lang='lat' dir='ltr'>quaerere</span> <span class='ocrx_word' id='word_1_25' title='bbox 1024 1166 1119 1246; x_wconf 90' lang='lat' dir='ltr'>ponto</span> 
     </span>
     <span class='ocr_line' id='line_1_6' title="bbox 229 1275 1092 1367; baseline 0.006 -23"><span class='ocrx_word' id='word_1_26' title='bbox 229 1275 463 1366; x_wconf 85' lang='lat' dir='ltr'>Longinquum;</span> <span class='ocrx_word' id='word_1_27' title='bbox 484 1277 584 1367; x_wconf 90' lang='lat' dir='ltr'>placet</span> <span class='ocrx_word' id='word_1_28' title='bbox 603 1277 719 1346; x_wconf 82' lang='lat' dir='ltr'>Oceani</span> <span class='ocrx_word' id='word_1_29' title='bbox 737 1280 948 1349; x_wconf 84' lang='lat' dir='ltr'>transmittere</span> <span class='ocrx_word' id='word_1_30' title='bbox 966 1279 1092 1349; x_wconf 87' lang='lat' dir='ltr'>ssuetus.</span> 
     </span>
     <span class='ocr_line' id='line_1_7' title="bbox 229 1399 1004 1492; baseline 0.005 -24"><span class='ocrx_word' id='word_1_31' title='bbox 229 1399 354 1470; x_wconf 88' lang='lat' dir='ltr'>Primus</span> <span class='ocrx_word' id='word_1_32' title='bbox 372 1400 422 1470; x_wconf 91' lang='lat' dir='ltr'>hic</span> <span class='ocrx_word' id='word_1_33' title='bbox 441 1422 457 1470; x_wconf 85' lang='lat' dir='ltr'>a</span> <span class='ocrx_word' id='word_1_34' title='bbox 476 1401 585 1490; x_wconf 91' lang='lat' dir='ltr'>patriis</span> <span class='ocrx_word' id='word_1_35' title='bbox 603 1421 775 1492; x_wconf 80' lang='lat' dir='ltr'>regnorum</span> <span class='ocrx_word' id='word_1_36' title='bbox 793 1402 909 1473; x_wconf 86' lang='lat' dir='ltr'>finibus</span> <span class='ocrx_word' id='word_1_37' title='bbox 927 1402 1004 1474; x_wconf 83' lang='lat' dir='ltr'>Alro</span> 
     </span>
     <span class='ocr_line' id='line_1_8' title="bbox 228 1526 1062 1625; baseline 0.005 -31"><span class='ocrx_word' id='word_1_38' title='bbox 228 1526 395 1616; x_wconf 84' lang='lat' dir='ltr'>Belligiosa</span> <span class='ocrx_word' id='word_1_39' title='bbox 414 1535 520 1596; x_wconf 89' lang='lat' dir='ltr'>movet</span> <span class='ocrx_word' id='word_1_40' title='bbox 537 1528 609 1617; x_wconf 92' lang='lat' dir='ltr'>pius</span> <span class='ocrx_word' id='word_1_41' title='bbox 627 1549 725 1610; x_wconf 86' lang='lat' dir='ltr'>anna,</span> <span class='ocrx_word' id='word_1_42' title='bbox 745 1537 779 1596; x_wconf 92' lang='lat' dir='ltr'>ut</span> <span class='ocrx_word' id='word_1_43' title='bbox 798 1527 937 1625; x_wconf 86' lang='lat' dir='ltr'>perfidus</span> <span class='ocrx_word' id='word_1_44' title='bbox 955 1529 1062 1608; x_wconf 84' lang='lat' dir='ltr'>hostis,</span> 
     </span>
     <span class='ocr_line' id='line_1_9' title="bbox 228 1650 1100 1744; baseline 0.003 -25"><span class='ocrx_word' id='word_1_45' title='bbox 228 1650 388 1720; x_wconf 90' lang='lat' dir='ltr'>Bellorum</span> <span class='ocrx_word' id='word_1_46' title='bbox 406 1672 574 1741; x_wconf 89' lang='lat' dir='ltr'>oppressus</span> <span class='ocrx_word' id='word_1_47' title='bbox 593 1661 758 1742; x_wconf 85' lang='lat' dir='ltr'>cognoseat</span> <span class='ocrx_word' id='word_1_48' title='bbox 776 1653 927 1743; x_wconf 89' lang='lat' dir='ltr'>pondere,</span> <span class='ocrx_word' id='word_1_49' title='bbox 948 1663 1100 1744; x_wconf 92' lang='lat' dir='ltr'>quantum</span> 
     </span>
     <span class='ocr_line' id='line_1_10' title="bbox 228 1774 986 1868; baseline 0.007 -24"><span class='ocrx_word' id='word_1_50' title='bbox 228 1775 255 1844; x_wconf 89' lang='grc' dir='ltr'>Α</span> <span class='ocrx_word' id='word_1_51' title='bbox 275 1774 391 1845; x_wconf 84' lang='lat' dir='ltr'>Christi</span> <span class='ocrx_word' id='word_1_52' title='bbox 409 1776 526 1845; x_wconf 89' lang='lat' dir='ltr'>distent</span> <span class='ocrx_word' id='word_1_53' title='bbox 545 1776 714 1847; x_wconf 85' lang='lat' dir='ltr'>Mahometi</span> <span class='ocrx_word' id='word_1_54' title='bbox 733 1779 887 1847; x_wconf 88' lang='lat' dir='ltr'>insomnia</span> <span class='ocrx_word' id='word_1_55' title='bbox 905 1779 986 1868; x_wconf 82' lang='lat' dir='ltr'>lege.</span> 
     </span>
    </p>
   </div>
   <div class='ocr_carea' id='block_1_4' title="bbox 649 2135 768 2198">
    <p class='ocr_par' dir='ltr' id='par_1_5' title="bbox 649 2135 768 2198">
     <span class='ocr_line' id='line_1_11' title="bbox 649 2135 768 2198; baseline 0.05 -6"><span class='ocrx_word' id='word_1_56' title='bbox 649 2179 654 2192; x_wconf 78' lang='grc'><strong>.</strong></span> <span class='ocrx_word' id='word_1_57' title='bbox 679 2135 768 2198; x_wconf 88' lang='lat' dir='ltr'>XLIX</span> 
     </span>
    </p>
   </div>
   <div class='ocr_carea' id='block_1_5' title="bbox 226 2396 1023 2487">
    <p class='ocr_par' dir='ltr' id='par_1_6' title="bbox 226 2396 1023 2487">
     <span class='ocr_line' id='line_1_12' title="bbox 226 2396 1023 2487; baseline 0.006 -22"><span class='ocrx_word' id='word_1_58' title='bbox 226 2396 310 2466; x_wconf 82' lang='lat' dir='ltr'>Ecce</span> <span class='ocrx_word' id='word_1_59' title='bbox 328 2396 424 2487; x_wconf 85' lang='lat' dir='ltr'>igitur</span> <span class='ocrx_word' id='word_1_60' title='bbox 441 2397 542 2468; x_wconf 90' lang='lat' dir='ltr'>vitreo</span> <span class='ocrx_word' id='word_1_61' title='bbox 561 2397 705 2468; x_wconf 87' lang='lat' dir='ltr'>volueres</span> <span class='ocrx_word' id='word_1_62' title='bbox 723 2419 758 2468; x_wconf 92' lang='lat' dir='ltr'>se</span> <span class='ocrx_word' id='word_1_63' title='bbox 777 2400 862 2469; x_wconf 91' lang='lat' dir='ltr'>mille</span> <span class='ocrx_word' id='word_1_64' title='bbox 881 2410 1023 2470; x_wconf 87' lang='lat' dir='ltr'>natantes</span> 
     </span>
    </p>
   </div>
   <div class='ocr_carea' id='block_1_6' title="bbox 108 2521 1017 2612">
    <p class='ocr_par' dir='ltr' id='par_1_7' title="bbox 108 2521 1017 2612">
     <span class='ocr_line' id='line_1_13' title="bbox 108 2521 1017 2612; baseline 0.006 -23"><span class='ocrx_word' id='word_1_65' title='bbox 108 2542 125 2605; x_wconf 63' lang='lat' dir='ltr'>j</span> <span class='ocrx_word' id='word_1_66' title='bbox 226 2521 360 2611; x_wconf 83' lang='lat' dir='ltr'>Tethyos</span> <span class='ocrx_word' id='word_1_67' title='bbox 379 2531 509 2612; x_wconf 82' lang='lat' dir='ltr'>argento</span> <span class='ocrx_word' id='word_1_68' title='bbox 527 2522 665 2592; x_wconf 90' lang='lat' dir='ltr'>humidis</span> <span class='ocrx_word' id='word_1_69' title='bbox 682 2523 838 2593; x_wconf 86' lang='lat' dir='ltr'>librantur</span> <span class='ocrx_word' id='word_1_70' title='bbox 856 2526 888 2592; x_wconf 92' lang='lat' dir='ltr'>in</span> <span class='ocrx_word' id='word_1_71' title='bbox 905 2525 1017 2607; x_wconf 91' lang='lat' dir='ltr'>undis;</span> 
     </span>
    </p>
   </div>
   <div class='ocr_carea' id='block_1_7' title="bbox 186 2645 1214 3362">
    <p class='ocr_par' dir='ltr' id='par_1_8' title="bbox 224 2645 1087 2862">
     <span class='ocr_line' id='line_1_14' title="bbox 225 2645 1087 2738; baseline 0.005 -24"><span class='ocrx_word' id='word_1_72' title='bbox 225 2645 414 2726; x_wconf 89' lang='lat' dir='ltr'>Procedunt,</span> <span class='ocrx_word' id='word_1_73' title='bbox 435 2646 614 2738; x_wconf 90' lang='lat' dir='ltr'>pandasque</span> <span class='ocrx_word' id='word_1_74' title='bbox 632 2647 704 2717; x_wconf 90' lang='lat' dir='ltr'>Noti</span> <span class='ocrx_word' id='word_1_75' title='bbox 723 2647 798 2716; x_wconf 88' lang='lat' dir='ltr'>dant</span> <span class='ocrx_word' id='word_1_76' title='bbox 815 2647 941 2718; x_wconf 89' lang='lat' dir='ltr'>llatibus</span> <span class='ocrx_word' id='word_1_77' title='bbox 958 2649 1031 2729; x_wconf 92' lang='lat' dir='ltr'>alas,</span> <span class='ocrx_word' id='word_1_78' title='bbox 1085 2695 1087 2698; x_wconf 94' lang='lat'>-</span> 
     </span>
     <span class='ocr_line' id='line_1_15' title="bbox 224 2769 1006 2862; baseline 0.008 -24"><span class='ocrx_word' id='word_1_79' title='bbox 224 2769 345 2840; x_wconf 77' lang='lat' dir='ltr'>l&#39;isitur</span> <span class='ocrx_word' id='word_1_80' title='bbox 363 2771 513 2842; x_wconf 91' lang='lat' dir='ltr'>Herculei</span> <span class='ocrx_word' id='word_1_81' title='bbox 532 2791 595 2862; x_wconf 94' lang='lat' dir='ltr'>quo</span> <span class='ocrx_word' id='word_1_82' title='bbox 613 2782 698 2842; x_wconf 88' lang='lat' dir='ltr'>meta</span> <span class='ocrx_word' id='word_1_83' title='bbox 715 2782 854 2844; x_wconf 84' lang='lat' dir='ltr'>extrema</span> <span class='ocrx_word' id='word_1_84' title='bbox 873 2773 1006 2844; x_wconf 83' lang='lat' dir='ltr'>laboris.¹</span> 
     </span>
    </p>

    <p class='ocr_par' dir='ltr' id='par_1_9' title="bbox 225 2894 1082 2989">
     <span class='ocr_line' id='line_1_16' title="bbox 225 2894 1082 2989; baseline 0.004 -25"><span class='ocrx_word' id='word_1_85' title='bbox 225 2894 365 2985; x_wconf 87' lang='lat' dir='ltr'>Occupat</span> <span class='ocrx_word' id='word_1_86' title='bbox 383 2895 435 2965; x_wconf 92' lang='lat' dir='ltr'>ille</span> <span class='ocrx_word' id='word_1_87' title='bbox 453 2895 598 2987; x_wconf 81' lang='lat' dir='ltr'>Abylam</span> <span class='ocrx_word' id='word_1_88' title='bbox 619 2907 649 2968; x_wconf 87' lang='lat' dir='ltr'>et</span> <span class='ocrx_word' id='word_1_89' title='bbox 668 2898 774 2986; x_wconf 88' lang='lat' dir='ltr'>Libyci</span> <span class='ocrx_word' id='word_1_90' title='bbox 795 2897 975 2967; x_wconf 81' lang='lat' dir='ltr'>fraudamina</span> <span class='ocrx_word' id='word_1_91' title='bbox 993 2901 1082 2989; x_wconf 81' lang='lat' dir='ltr'>regni</span> 
     </span>
    </p>

    <p class='ocr_par' dir='ltr' id='par_1_10' title="bbox 186 3016 1214 3236">
     <span class='ocr_line' id='line_1_17' title="bbox 186 3016 1214 3114; baseline 0.004 -26"><span class='ocrx_word' id='word_1_92' title='bbox 186 3105 190 3114; x_wconf 28' lang='grc'>1</span> <span class='ocrx_word' id='word_1_93' title='bbox 224 3017 353 3109; x_wconf 89' lang='lat' dir='ltr'>Septam</span> <span class='ocrx_word' id='word_1_94' title='bbox 373 3016 500 3099; x_wconf 91' lang='lat' dir='ltr'>urbem,</span> <span class='ocrx_word' id='word_1_95' title='bbox 523 3030 714 3112; x_wconf 88' lang='lat' dir='ltr'>turpemque</span> <span class='ocrx_word' id='word_1_96' title='bbox 733 3022 827 3091; x_wconf 92' lang='lat' dir='ltr'>domo</span> <span class='ocrx_word' id='word_1_97' title='bbox 844 3022 1032 3093; x_wconf 89' lang='lat' dir='ltr'>Mahometis</span> <span class='ocrx_word' id='word_1_98' title='bbox 1051 3022 1214 3094; x_wconf 90' lang='lat' dir='ltr'>alumnum</span> 
     </span>
     <span class='ocr_line' id='line_1_18' title="bbox 203 3126 997 3236; baseline 0.005 -24"><span class='ocrx_word' id='word_1_99' title='bbox 203 3142 327 3232; x_wconf 71' lang='lat' dir='ltr'>ejice,</span> <span class='ocrx_word' id='word_1_100' title='bbox 347 3143 546 3234; x_wconf 92' lang='lat' dir='ltr'>hispanisque</span> <span class='ocrx_word' id='word_1_101' title='bbox 564 3153 647 3214; x_wconf 88' lang='lat' dir='ltr'>vetat</span> <span class='ocrx_word' id='word_1_102' title='bbox 666 3165 700 3214; x_wconf 91' lang='lat' dir='ltr'>se</span> <span class='ocrx_word' id='word_1_103' title='bbox 718 3145 849 3216; x_wconf 81' lang='lat' dir='ltr'>fundere</span> <span class='ocrx_word' id='word_1_104' title='bbox 869 3126 997 3236; x_wconf 88' lang='lat' dir='ltr'>campis,</span> 
     </span>
    </p>

    <p class='ocr_par' dir='ltr' id='par_1_11' title="bbox 225 3267 1153 3362">
     <span class='ocr_line' id='line_1_19' title="bbox 225 3267 1153 3362; baseline 0.002 -24"><span class='ocrx_word' id='word_1_105' title='bbox 225 3267 311 3351; x_wconf 86' lang='lat' dir='ltr'>Quae</span> <span class='ocrx_word' id='word_1_106' title='bbox 330 3269 490 3357; x_wconf 89' lang='lat' dir='ltr'>quondam</span> <span class='ocrx_word' id='word_1_107' title='bbox 509 3269 639 3339; x_wconf 89' lang='lat' dir='ltr'>Comitis</span> <span class='ocrx_word' id='word_1_108' title='bbox 658 3279 794 3360; x_wconf 82' lang='lat' dir='ltr'>grassata</span> <span class='ocrx_word' id='word_1_109' title='bbox 815 3281 862 3340; x_wconf 93' lang='lat' dir='ltr'>est</span> <span class='ocrx_word' id='word_1_110' title='bbox 881 3272 1026 3352; x_wconf 90' lang='lat' dir='ltr'>crimine,</span> <span class='ocrx_word' id='word_1_111' title='bbox 1047 3274 1153 3362; x_wconf 89' lang='lat' dir='ltr'>pestis.</span> 
     </span>
    </p>
   </div>
   <div class='ocr_carea' id='block_1_8' title="bbox 708 3631 731 3692">
    <p class='ocr_par' dir='ltr' id='par_1_12' title="bbox 708 3631 731 3692">
     <span class='ocr_line' id='line_1_20' title="bbox 708 3631 731 3692; baseline 0 0"><span class='ocrx_word' id='word_1_112' title='bbox 708 3631 731 3692; x_wconf 90' lang='lat' dir='ltr'>L</span> 
     </span>
    </p>
   </div>
   <div class='ocr_carea' id='block_1_9' title="bbox 223 3893 1043 4233">
    <p class='ocr_par' dir='ltr' id='par_1_13' title="bbox 223 3893 1043 4233">
     <span class='ocr_line' id='line_1_21' title="bbox 224 3893 1043 3984; baseline 0.004 -22"><span class='ocrx_word' id='word_1_113' title='bbox 224 3893 340 3974; x_wconf 87' lang='lat' dir='ltr'>Ellera,</span> <span class='ocrx_word' id='word_1_114' title='bbox 360 3894 417 3963; x_wconf 91' lang='lat' dir='ltr'>sed</span> <span class='ocrx_word' id='word_1_115' title='bbox 436 3894 546 3983; x_wconf 80' lang='lat' dir='ltr'>longos</span> <span class='ocrx_word' id='word_1_116' title='bbox 564 3914 731 3983; x_wconf 88' lang='lat' dir='ltr'>superesse</span> <span class='ocrx_word' id='word_1_117' title='bbox 750 3895 876 3984; x_wconf 84' lang='lat' dir='ltr'>negavit</span> <span class='ocrx_word' id='word_1_118' title='bbox 895 3896 927 3963; x_wconf 94' lang='lat' dir='ltr'>in</span> <span class='ocrx_word' id='word_1_119' title='bbox 946 3915 1043 3965; x_wconf 91' lang='lat' dir='ltr'>annos</span> 
     </span>
     <span class='ocr_line' id='line_1_22' title="bbox 223 4017 1023 4109; baseline -0.001 -21"><span class='ocrx_word' id='word_1_120' title='bbox 223 4019 308 4088; x_wconf 86' lang='lat' dir='ltr'>llors</span> <span class='ocrx_word' id='word_1_121' title='bbox 324 4017 421 4088; x_wconf 90' lang='lat' dir='ltr'>heroa</span> <span class='ocrx_word' id='word_1_122' title='bbox 439 4018 563 4098; x_wconf 88' lang='lat' dir='ltr'>ducem,</span> <span class='ocrx_word' id='word_1_123' title='bbox 584 4019 732 4109; x_wconf 87' lang='lat' dir='ltr'>lususque</span> <span class='ocrx_word' id='word_1_124' title='bbox 750 4018 808 4088; x_wconf 91' lang='lat' dir='ltr'>hac</span> <span class='ocrx_word' id='word_1_125' title='bbox 825 4027 910 4088; x_wconf 84' lang='lat' dir='ltr'>sorte</span> <span class='ocrx_word' id='word_1_126' title='bbox 928 4020 1023 4108; x_wconf 90' lang='lat' dir='ltr'>potiri</span> 
     </span>
     <span class='ocr_line' id='line_1_23' title="bbox 225 4142 935 4233; baseline 0.003 -23"><span class='ocrx_word' id='word_1_127' title='bbox 225 4142 321 4212; x_wconf 84' lang='lat' dir='ltr'>Felici</span> <span class='ocrx_word' id='word_1_128' title='bbox 340 4144 438 4212; x_wconf 89' lang='lat' dir='ltr'>vetuit</span> <span class='ocrx_word' id='word_1_129' title='bbox 456 4143 600 4233; x_wconf 88' lang='lat' dir='ltr'>populos,</span> <span class='ocrx_word' id='word_1_130' title='bbox 620 4142 674 4212; x_wconf 93' lang='lat' dir='ltr'>sed</span> <span class='ocrx_word' id='word_1_131' title='bbox 694 4143 828 4212; x_wconf 90' lang='lat' dir='ltr'>reddere</span> <span class='ocrx_word' id='word_1_132' title='bbox 847 4143 935 4212; x_wconf 90' lang='lat' dir='ltr'>coelo</span> 
     </span>
    </p>
   </div>
   <div class='ocr_carea' id='block_1_10' title="bbox 98 4266 1076 4357">
    <p class='ocr_par' dir='ltr' id='par_1_14' title="bbox 98 4266 1076 4357">
     <span class='ocr_line' id='line_1_24' title="bbox 98 4266 1076 4357; baseline -0.002 -19"><span class='ocrx_word' id='word_1_133' title='bbox 98 4289 100 4309; x_wconf 78' lang='lat'><strong>¹</strong></span> <span class='ocrx_word' id='word_1_134' title='bbox 222 4266 341 4351; x_wconf 88' lang='lat' dir='ltr'>Maluit,</span> <span class='ocrx_word' id='word_1_135' title='bbox 363 4275 393 4338; x_wconf 91' lang='lat' dir='ltr'>et</span> <span class='ocrx_word' id='word_1_136' title='bbox 411 4267 545 4357; x_wconf 87' lang='lat' dir='ltr'>Superis</span> <span class='ocrx_word' id='word_1_137' title='bbox 563 4275 685 4336; x_wconf 87' lang='lat' dir='ltr'>tantum</span> <span class='ocrx_word' id='word_1_138' title='bbox 703 4267 801 4337; x_wconf 88' lang='lat' dir='ltr'>decus</span> <span class='ocrx_word' id='word_1_139' title='bbox 818 4266 935 4337; x_wconf 84' lang='lat' dir='ltr'>addere</span> <span class='ocrx_word' id='word_1_140' title='bbox 954 4269 1076 4338; x_wconf 93' lang='lat' dir='ltr'>turmis.</span> 
     </span>
    </p>
   </div>
   <div class='ocr_carea' id='block_1_11' title="bbox 222 4391 1100 4855">
    <p class='ocr_par' dir='ltr' id='par_1_15' title="bbox 222 4391 1100 4607">
     <span class='ocr_line' id='line_1_25' title="bbox 223 4391 1100 4482; baseline 0.002 -22"><span class='ocrx_word' id='word_1_141' title='bbox 223 4391 324 4474; x_wconf 89' lang='lat' dir='ltr'>Quem</span> <span class='ocrx_word' id='word_1_142' title='bbox 343 4400 448 4461; x_wconf 90' lang='lat' dir='ltr'>tamen</span> <span class='ocrx_word' id='word_1_143' title='bbox 466 4392 620 4461; x_wconf 84' lang='lat' dir='ltr'>invictum</span> <span class='ocrx_word' id='word_1_144' title='bbox 638 4391 725 4461; x_wconf 92' lang='lat' dir='ltr'>Deus</span> <span class='ocrx_word' id='word_1_145' title='bbox 742 4391 879 4472; x_wconf 89' lang='lat' dir='ltr'>abstulit,</span> <span class='ocrx_word' id='word_1_146' title='bbox 900 4391 952 4461; x_wconf 91' lang='lat' dir='ltr'>ille</span> <span class='ocrx_word' id='word_1_147' title='bbox 971 4391 1100 4482; x_wconf 89' lang='lat' dir='ltr'>reliquit</span> 
     </span>
     <span class='ocr_line' id='line_1_26' title="bbox 222 4513 1066 4607; baseline 0.001 -21"><span class='ocrx_word' id='word_1_148' title='bbox 222 4513 398 4587; x_wconf 89' lang='lat' dir='ltr'>Haeredem</span> <span class='ocrx_word' id='word_1_149' title='bbox 417 4518 517 4607; x_wconf 84' lang='lat' dir='ltr'>regni,</span> <span class='ocrx_word' id='word_1_150' title='bbox 537 4518 590 4606; x_wconf 88' lang='lat' dir='ltr'>qui</span> <span class='ocrx_word' id='word_1_151' title='bbox 609 4525 731 4606; x_wconf 89' lang='lat' dir='ltr'>sceptra</span> <span class='ocrx_word' id='word_1_152' title='bbox 749 4524 936 4605; x_wconf 90' lang='lat' dir='ltr'>capesseret,</span> <span class='ocrx_word' id='word_1_153' title='bbox 955 4517 1066 4606; x_wconf 84' lang='lat' dir='ltr'>ingens</span> 
     </span>
    </p>

    <p class='ocr_par' dir='ltr' id='par_1_16' title="bbox 222 4639 1072 4730">
     <span class='ocr_line' id='line_1_27' title="bbox 222 4639 1072 4730; baseline 0.002 -22"><span class='ocrx_word' id='word_1_154' title='bbox 222 4639 416 4710; x_wconf 89' lang='lat' dir='ltr'>Praesidium</span> <span class='ocrx_word' id='word_1_155' title='bbox 434 4661 554 4721; x_wconf 88' lang='lat' dir='ltr'>remm,</span> <span class='ocrx_word' id='word_1_156' title='bbox 575 4641 759 4730; x_wconf 90' lang='lat' dir='ltr'>decorisque</span> <span class='ocrx_word' id='word_1_157' title='bbox 780 4650 945 4729; x_wconf 82' lang='lat' dir='ltr'>augmenta</span> <span class='ocrx_word' id='word_1_158' title='bbox 963 4641 1072 4721; x_wconf 86' lang='lat' dir='ltr'>futuri,</span> 
     </span>
    </p>

    <p class='ocr_par' dir='ltr' id='par_1_17' title="bbox 222 4764 989 4855">
     <span class='ocr_line' id='line_1_28' title="bbox 222 4764 989 4855; baseline 0.001 -22"><span class='ocrx_word' id='word_1_159' title='bbox 222 4764 346 4854; x_wconf 79' lang='lat' dir='ltr'>Regalis</span> <span class='ocrx_word' id='word_1_160' title='bbox 367 4765 470 4834; x_wconf 92' lang='lat' dir='ltr'>trunci</span> <span class='ocrx_word' id='word_1_161' title='bbox 491 4784 679 4854; x_wconf 77' lang='lat' dir='ltr'>generosae</span> <span class='ocrx_word' id='word_1_162' title='bbox 699 4765 839 4854; x_wconf 83' lang='lat' dir='ltr'>germino</span> <span class='ocrx_word' id='word_1_163' title='bbox 858 4765 989 4855; x_wconf 91' lang='lat' dir='ltr'>prolem.</span> 
     </span>
    </p>
   </div>
   <div class='ocr_carea' id='block_1_12' title="bbox 0 0 1696 5370">
    <p class='ocr_par' dir='ltr' id='par_1_18' title="bbox 0 0 1696 5370">
     <span class='ocr_line' id='line_1_29' title="bbox 0 0 1696 5370; baseline 0 3"><span class='ocrx_word' id='word_1_164' title='bbox 0 0 1696 5370; x_wconf 95' lang='lat' dir='ltr'> </span> 
     </span>
    </p>
   </div>
  </div>
 </body>
</html>
