3440 5392
923 453 1075 501 Lusmuns

949 711 1054 773 LXXV

505 978 637 1067 Jamque
655 975 731 1045 olim
749 975 864 1066 placuit
883 975 1026 1064 Superis,
1045 982 1081 1043 ut
1099 993 1212 1064 magna
1230 973 1366 1065 Philippi

504 1101 687 1191 Progenies,
706 1100 853 1190 belloque
871 1107 994 1190 potens,
1013 1099 1191 1189 opibusque
1209 1099 1357 1188 superba,

507 1225 641 1316 Cogeret
659 1225 742 1295 ans
760 1225 793 1293 in
812 1223 936 1293 vincula
955 1243 1082 1293 currere
1101 1232 1211 1312 gentes
1250 1319 1253 1324 Ι

505 1351 605 1420 Marte
623 1348 721 1428 leros,
741 1348 817 1416 victi
836 1347 945 1437 spoliis
964 1347 1102 1418 Orientis
1120 1355 1242 1417 onusta.

505 1476 541 1546 ld
560 1475 645 1545 satis.
666 1474 758 1544 llnne
777 1474 905 1555 iterum,
925 1474 987 1544 lato
1006 1474 1186 1554 inclinante,
1206 1471 1370 1542 ferendum

505 1600 641 1669 Tantum
660 1619 753 1689 posse
772 1599 869 1668 armis
887 1599 1004 1668 virtute
1023 1619 1058 1667 ac
1077 1598 1192 1667 robore
1212 1597 1341 1676 Lusum,

419 1773 421 1782 .
505 1724 632 1794 Scilicet
649 1733 685 1793 nt
702 1724 836 1814 Magnus
853 1725 993 1806 Macedo,
1013 1733 1045 1794 et
1061 1724 1223 1793 Romanus
1241 1722 1342 1802 luluS,

506 1850 573 1919 lmo
592 1858 623 1919 et
641 1850 780 1920 Bacchus
798 1869 858 1940 ego
876 1849 993 1940 populo
1010 1850 1174 1918 vincamur
1192 1848 1232 1917 ab
1250 1848 1336 1916 unul

945 2209 1062 2271 LXXVI

509 2471 580 2542 Non
600 2471 653 2542 ita.
674 2471 754 2542 Nam
773 2473 850 2542 tales
867 2473 1065 2564 fraudesque,
1085 2471 1236 2562 dolosque
1253 2473 1398 2552 movebo,

508 2597 628 2667 Ductor
644 2605 681 2666 ut
699 2598 782 2667 Eoos
800 2607 934 2689 nequeat
953 2599 1135 2688 contingere
1153 2605 1277 2687 portus:

508 2723 575 2792 lmo
594 2722 770 2814 indignanti
789 2732 896 2815 pereat
915 2743 987 2794 curn
1006 2725 1104 2794 classe
1122 2721 1290 2813 profundo,

508 2845 591 2915 Ante
609 2854 772 2937 pererrato
790 2855 894 2917 teneat
913 2868 1009 2937 quarn
1026 2847 1130 2917 littora
1147 2856 1255 2936 ponto.

509 2970 704 3041 Descendam
723 2993 739 3042 a
758 2971 900 3063 Superis,
920 2979 951 3041 et
969 2981 1094 3061 pectora
1112 2969 1222 3042 Maura
1240 2971 1337 3042 ciebo

511 3096 546 3164 ln
566 3096 672 3176 furias,
687 3097 879 3187 mittamque
898 3096 991 3178 laces
1011 3096 1186 3186 addamcpre
1204 3097 1361 3167 furorem:

510 3219 603 3290 Astra
621 3221 681 3290 sibi
700 3243 862 3312 nunquam
881 3222 975 3291 sentit
993 3222 1158 3302 contraria,
1180 3241 1288 3292 rerum

510 3346 572 3430 Qui
591 3353 677 3415 tenet
697 3346 856 3425 articulos
877 3354 1099 3435 momentaque
1113 3347 1263 3435 temporis
1281 3345 1389 3414 ambit.

940 3703 1068 3766 LXXVX

510 3964 595 4035 Haec
613 3964 670 4034 ubi
689 3964 908 4046 dictaturam
927 3964 1022 4035 Coelo
1041 3985 1074 4036 se
1093 3963 1199 4054 dejicit
1217 3965 1289 4045 alto,

509 4091 632 4160 Irarum
650 4091 817 4180 impatiens
834 4091 952 4182 Libyae
970 4110 1064 4182 super
1084 4088 1210 4160 incubat
1228 4090 1303 4170 oris,

510 4215 554 4285 Os
571 4215 628 4284 uhi
647 4215 788 4285 mortalis
807 4213 1009 4306 speciemque
1028 4215 1207 4305 assumpsit,
1227 4223 1258 4284 et
1276 4213 1349 4284 inde

510 4341 546 4408 ln
565 4339 674 4429 capitis
692 4339 779 4409 littus
798 4349 924 4431 torquet
942 4341 1073 4432 vestigia
1092 4339 1213 4410 Prassi:

510 4464 624 4555 Aptius
641 4472 677 4532 ut
694 4473 794 4533 struat
813 4465 885 4535 inde
903 4465 1000 4546 dolos,
1021 4464 1209 4556 fraudesque
1228 4465 1396 4546 ministret,

510 4587 668 4677 Exprimit
686 4587 723 4656 ad
744 4587 853 4656 vivum
870 4589 1040 4676 vultusque
1059 4567 1247 4679 habitusque
1265 4589 1389 4669 seniles

510 4712 612 4796 Quem
631 4712 842 4803 Mozamliiqui
862 4713 1039 4782 celebrabat
1057 4714 1166 4802 gloria,
1186 4715 1298 4792 Mauri,

420 4911 422 4918 ,
512 4838 615 4922 Quem
633 4857 730 4929 grave
745 4838 911 4927 judicium,
933 4859 1027 4928 quem
1047 4841 1146 4929 gratia
1164 4841 1317 4930 principis
1335 4847 1434 4910 ornat.
