3394 5372
942 465 1096 512 Ll'SlelXF.

965 721 1068 785 XXllll

522 986 733 1056 Transebiisse
752 985 830 1055 adeo
849 985 1029 1075 Capricorni
1050 985 1161 1056 sideris
1179 986 1314 1076 amplam

520 1110 738 1201 Comperimus
755 1120 887 1179 metam:
908 1129 1071 1199 vacuaque
1089 1110 1120 1178 in
1138 1109 1211 1180 sede
1228 1112 1345 1180 morari

519 1235 625 1324 lpsom
643 1237 725 1304 inter
742 1234 875 1314 medios,
890 1233 1118 1325 Austrumque,
1138 1234 1192 1304 ubi
1212 1235 1350 1304 circulus
1368 1235 1454 1325 angit

518 1358 650 1448 Frigore
669 1368 805 1428 semotos
823 1360 884 1448 qul
903 1377 936 1428 se
955 1357 1046 1448 polus
1064 1357 1167 1427 evehit
1186 1378 1269 1428 axes.

516 1482 602 1552 Eone
621 1490 727 1552 autem
745 1483 872 1572 ospicio,
893 1487 1036 1552 nostntm
1055 1483 1224 1552 eomitante
1242 1487 1366 1561 onront,

517 1604 705 1694 Aethiopem
724 1606 846 1695 trepido
865 1605 1039 1675 venientem
1060 1606 1091 1674 in
1110 1606 1214 1675 littnrn
1231 1627 1334 1696 passu,

517 1729 619 1813 Quem
637 1729 729 1799 turba
748 1731 779 1798 in
799 1729 904 1798 densis
922 1730 1160 1822 comprenderat
1177 1728 1269 1799 obvia
1288 1730 1385 1809 silvis,

517 1855 601 1924 Dum
619 1855 724 1924 dulces
745 1856 819 1943 leqit
837 1855 888 1924 ille
908 1855 1004 1935 leros,
1024 1864 1054 1925 et
1073 1854 1166 1926 mella
1184 1855 1326 1945 requirit.

938 2201 1070 2276 'xxvttt

515 2474 654 2564 rispeotu
671 2475 754 2544 venit
773 2476 934 2556 attonitus,
956 2477 1126 2545 consortis
1146 2476 1269 2566 iniquae

515 2599 688 2680 Praeseius,
707 2609 855 2690 expertus
874 2621 966 2691 quam
984 2620 1045 2669 non
1065 2609 1252 2690 cognoverat
1270 2609 1355 2670 ante:

386 2795 389 2802 ,
514 2723 579 2793 Neo
598 2731 739 2793 nostrum
758 2723 810 2793 illo
828 2724 920 2815 eupit,
941 2743 999 2794 neo
1018 2743 1074 2793 nos
1092 2724 1187 2794 verbe
1206 2724 1303 2793 illius:
1326 2724 1426 2794 adstat

514 2846 680 2927 Horridus,
700 2856 731 2917 et
750 2849 852 2938 specie
871 2846 1062 2938 Polyphemo
1081 2848 1227 2918 incultior
1246 2849 1324 2939 ipso.

512 2971 648 3041 Allioere
666 2971 843 3061 aggredior,
864 2971 1080 3062 splendentem
1097 2971 1189 3062 pellis
1207 2972 1358 3042 honorem

512 3093 669 3164 Colchidis
687 3095 813 3185 objicio,
833 3105 864 3165 et
882 3096 952 3166 ilari
971 3096 1119 3186 figmenta
1136 3096 1268 3177 metalli;

511 3218 585 3289 Mox
603 3240 720 3309 purum
738 3230 916 3309 argentum,
936 3241 1122 3310 mercesque
1141 3221 1280 3292 Orientis
1298 3222 1426 3291 odoras:

512 3343 564 3411 Nil
584 3351 687 3414 tamen
705 3344 763 3414 hoo
782 3366 889 3414 rerum
908 3346 1012 3434 speeie
1033 3345 1120 3414 rudis
1139 3345 1190 3414 ille
1208 3354 1364 3416 moretur.

959 3707 1051 3768 XXIX

510 3965 592 4036 Vilia
610 3989 683 4038 mox
702 3967 777 4038 lerri
793 3970 900 4059 jubeo,
920 3971 1077 4061 pretiique
1095 3971 1226 4040 minoris
1259 3963 1265 3974 ’
1373 4033 1377 4040 .

509 4092 578 4161 Non
596 4113 693 4183 peuoa
711 4094 855 4174 exhibeo,
878 4095 1032 4183 globulos
1052 4116 1132 4185 quos
1151 4094 1281 4164 eandida
1299 4094 1413 4165 lormat

510 4214 713 4307 chrystallus,
735 4238 865 4308 crepans
883 4218 960 4289 alios
978 4239 1017 4288 ex
1036 4239 1108 4289 aere
1126 4220 1246 4288 sonanti
1256 4241 1264 4300 ;

510 4340 604 4422 Pilen,
625 4363 705 4432 quae
723 4341 820 4413 rubro
839 4352 1017 4433 pertentant
1034 4344 1128 4415 eorda
1146 4344 1272 4414 oolore:

509 4466 656 4536 Protinus
674 4487 712 4536 ex
730 4468 827 4556 signis
846 4469 967 4558 agnovi,
988 4477 1019 4538 et
1040 4469 1180 4558 gestibus
1198 4468 1249 4537 illo

508 4590 586 4659 Esse
604 4591 767 4680 voluptati,
787 4601 874 4662 tanto
893 4593 1010 4682 exeipit
1028 4594 1132 4661 omnia
1149 4593 1232 4663 risu:

509 4714 663 4784 Omnibus
680 4716 729 4785 his
747 4698 935 4786 instructum
954 4717 1078 4806 opibus,
1099 4718 1277 4807 laetumque
1296 4717 1438 4788 remitto:
1508 4703 1512 4712 ’

508 4837 563 4907 llle
582 4838 656 4917 abit,
676 4847 707 4908 et
726 4859 794 4908 sese
813 4842 913 4910 vicino
932 4843 962 4909 in
981 4849 1062 4910 teote
1081 4841 1209 4931 recepit.
