3384 5370
922 413 1075 462 tretonae

955 669 1041 732 exin

506 933 587 1034 Eone
607 933 637 1000 in
656 951 778 1001 summa
796 933 862 1024 rapi
883 932 1030 1022 paulatim
1049 932 1154 1006 nubila
1173 933 1269 1013 risus,

506 1055 598 1125 Astra
616 1075 724 1146 super,
742 1056 945 1148 primumque
964 1056 1117 1146 attingere
1135 1059 1251 1126 vertier
1270 1058 1404 1126 oretum.

505 1179 598 1250 Unde
616 1179 710 1249 orbes
728 1187 858 1271 patuere
875 1179 938 1260 alii,
959 1189 1089 1270 patuere
1108 1189 1258 1260 remotae,

505 1303 652 1385 Sedibus,
672 1313 703 1372 et
720 1303 823 1373 variae
841 1303 966 1394 linguis,
988 1312 1020 1372 et
1038 1305 1165 1373 nomine
1184 1313 1303 1394 gentes.

506 1427 610 1518 atque
630 1428 692 1497 iilie
709 1427 763 1496 ubi
782 1447 861 1516 pura
880 1428 977 1498 nitent
995 1427 1148 1498 cunabula
1168 1429 1251 1506 sotis,

506 1552 642 1641 Longius
660 1551 830 1620 extendens
848 1571 911 1640 quo
928 1551 1045 1621 lumina
1064 1552 1174 1621 tirerat
1194 1573 1262 1625 arr.

506 1676 667 1766 Sepositos
684 1675 762 1745 vidit
780 1675 906 1746 sublimi
925 1677 1041 1746 vertite
1059 1686 1181 1746 montes

495 1797 639 1879 Priscus,
660 1799 906 1892 conspicuosque
924 1799 989 1870 duo
1007 1800 1084 1869 altos
1102 1801 1231 1890 gignere
1250 1801 1361 1870 tontes.

959 2157 1037 2222 Lxx

508 2419 665 2490 Montibus
684 2420 731 2490 bis
750 2420 837 2491 densi
856 2441 936 2512 quos
954 2423 1091 2491 nemoris
1108 2421 1228 2512 obtegit
1246 2421 1371 2499 mnbra

507 2545 601 2616 Dirae
619 2545 757 2616 babitant
774 2546 930 2628 volueres
949 2554 1043 2637 atque
1062 2547 1184 2637 agmina
1203 2557 1294 2616 saeta
1313 2517 1466 2617 terarum:

507 2651 1180 2740 nmmmmmm

507 2793 672 2864 Praestoso
691 2795 864 2884 impodirmt
881 2794 1046 2864 bominum
1063 2795 1250 2864 oommereia
1268 2815 1377 2885 passm

508 2917 649 3009 Oppositi
667 2918 771 2998 eolles,
791 2919 978 3009 desertaque
997 2918 1130 2990 eulmina
1149 2928 1335 3000 monstrant,

507 3044 589 3113 Dmn
609 3044 755 3114 claudunt
774 3045 886 3126 aditos,
907 3053 937 3114 et
956 3044 1047 3134 longa
1066 3044 1184 3114 silentia
1204 3055 1338 3125 servant,

508 3167 661 3239 Humanis
678 3190 839 3260 nunquam
856 3168 914 3238 bos
931 3169 1064 3260 podibus
1082 3172 1218 3260 patuisse
1236 3190 1389 3241 recessus.

508 3293 555 3360 Er
576 3313 638 3382 qno
657 3314 713 3362 nos
731 3293 841 3383 carinae
860 3294 992 3363 maeotis
1010 3295 1114 3364 interit
1130 3295 1277 3364 ¹triamus.

956 3651 1045 3712 LXX!

509 3914 647 4003 Surgere
665 3913 705 3982 de
724 3912 828 3982 medio
847 3911 1045 4004 lympharum
1063 3914 1187 4002 gurgite
1206 3916 1275 3996 visi,

509 4039 558 4108 lre
576 4037 660 4119 inde,
680 4047 711 4108 et
730 4045 834 4108 rectos
851 4037 889 4107 ad
909 4057 943 4108 se
961 4047 1142 4107 convertere
1161 4057 1297 4127 grossus,

509 4162 655 4232 Mortales
672 4162 799 4252 gemini,
819 4163 960 4252 prouecti
979 4170 1089 4242 aetate,
1109 4162 1259 4251 gravique

510 4286 659 4377 bspeetm
679 4305 870 4377 qammquam
889 4286 1009 4377 speeies
1028 4294 1095 4354 erat
1112 4284 1240 4355 borrida
1259 4286 1373 4356 nuituis.

511 4411 665 4480 Guttatim
683 4410 832 4480 extremis
849 4408 1005 4478 stillabant
1023 4408 1162 4478 crinibus
1181 4409 1293 4488 undae,

512 4534 661 4605 Creverat
678 4535 762 4604 unde
780 4535 895 4624 liquor,
916 4535 969 4624 qui
989 4532 1130 4604 membra
1148 4533 1286 4624 inspersa
1305 4533 1444 4623 rigabat:

511 4660 631 4729 Fuscus
649 4661 680 4728 in
698 4680 753 4729 ore
771 4659 867 4737 color,
887 4659 1068 4748 pariterque
1086 4659 1239 4748 nigrantia
1258 4659 1413 4739 membra;

419 4827 422 4841 ·
512 4786 582 4875 Ipsa
600 4785 720 4854 intonsa
739 4782 821 4872 pitis.
840 4783 960 4852 birsuta
980 4783 1179 4872 immissaque
1198 4782 1303 4852 barba.
