3384 5370
927 561 1081 608 elstanni-t

973 805 1038 882 xxi

508 1083 608 1152 Anxia
626 1082 796 1152 Lusiatlum
816 1083 862 1152 sic
880 1083 1000 1152 Nonius
1018 1083 1141 1172 agmina
1160 1083 1276 1164 firmat,

507 1187 670 1297 Supremis
689 1227 769 1297 quae
787 1225 918 1276 aceensa
936 1215 1031 1276 ruunt
1051 1207 1082 1275 in
1100 1207 1217 1297 praelia
1236 1205 1352 1286 verbis,

507 1331 724 1422 Penentcsque
742 1340 874 1409 metum,
895 1330 1015 1420 gelidos
1033 1331 1086 1420 qui
1106 1331 1274 1401 strinxerat
1292 1341 1391 1410 artus,

507 1456 674 1535 Ersiliunt,
694 1475 803 1525 omnes
821 1455 992 1524 inllammat
1011 1452 1144 1524 bellicus
1162 1454 1270 1538 arder;

507 1558 721 1670 Cornipedum
738 1587 908 1669 properant
926 1579 1043 1664 alacres
1062 1579 1228 1650 ascendere
1246 1587 1344 1666 terga.

508 1702 643 1773 lntenlas
661 1702 771 1772 validis
788 1702 950 1772 vibrantes
968 1702 1090 1772 viribus
1108 1703 1222 1784 hastas,

509 1828 751 1918 Deeurmntque
769 1829 840 1910 citi;
861 1829 1054 1898 conclamant
1073 1829 1212 1918 agmina:
1233 1829 1339 1903 l'ivat,

508 1951 601 2020 11111
619 1952 686 2021 Rex
705 1951 817 2032 celsus,
839 1953 892 2042 qui
912 1951 1011 2022 liliera
1030 1971 1127 2038 regna
1147 1953 1269 2022 tuetur!

970 2313 1045 2373 llllll

509 2577 570 2644 Par
588 2575 712 2655 animis,
734 2577 834 2664 impar
852 2575 964 2644 studiis
983 2576 1072 2666 plebs
1091 2575 1155 2644 ilrat
1175 2577 1205 2644 in
1224 2597 1332 2657 arma;

508 2701 626 2770 Partim
643 2701 725 2770 bella
742 2701 888 2791 probant,
908 2702 999 2791 regni
1019 2721 1098 2791 quae
1114 2700 1187 2790 jura
1204 2711 1347 2782 tuentum

509 2824 626 2893 Partim
645 2824 726 2926 loella
744 2834 880 2906 movent,
901 2797 1070 2914 detergunt
1087 2824 1215 2914 spicula,
1236 2824 1322 2914 pacis

510 2950 596 3033 Quae
614 2948 761 3018 diuturna
780 2949 869 3038 curies
888 2947 1033 3038 rubigine
1054 2949 1193 3030 triverat,
1212 2968 1302 3018 enses
1354 3009 1357 3016 .
1420 2927 1424 2934 ⁵

510 3073 584 3161 lgne
602 3080 726 3152 novant,
748 3080 859 3142 ornant
879 3071 995 3162 galeas,
1018 3072 1161 3141 thoracas
1180 3073 1295 3142 ahenos

510 3197 640 3286 Experti
659 3179 826 3277 inducunt;
847 3195 908 3266 sibi
928 3196 1060 3284 quisque
1080 3195 1293 3266 accommodat
1312 3215 1410 3272 arma,

510 3320 597 3404 Quae
616 3319 761 3400 deceant;
783 3320 833 3390 alii
853 3340 886 3388 se
904 3317 1148 3388 versicoloribus
1166 3329 1277 3388 ornant

510 3445 670 3526 Vestibus
687 3445 737 3514 his
756 3445 874 3514 addunt
891 3453 922 3513 et
941 3445 1028 3532 signa
1047 3453 1077 3513 11
1097 3445 1239 3514 lemmata
1259 3452 1427 3514 amorum·

963 3805 1052 3866 lllllll

511 4071 578 4140 Hoc
596 4069 717 4139 socium
735 4068 865 4158 egregio
883 4087 950 4135 sese
968 4067 1091 4156 agmine
1110 4066 1229 4134 cinctus
1248 4065 1358 4156 agebat

511 4196 658 4273 loannes,
676 4193 822 4282 linquens
839 4211 931 4280 agros
944 4188 1094 4260 Abrantis
1112 4209 1276 4271 amoenam

511 4317 672 4397 11111111,
691 4315 786 4405 gelidi
806 4333 900 4404 quam
919 4313 1012 4384 tontis
1028 4313 1201 4383 honoribus
1219 4313 1316 4382 ambit

511 4442 667 4512 Evolvens
685 4441 801 4510 vitreas
818 4459 932 4529 magno
950 4439 1052 4528 Tagus
1069 4439 1193 4529 agmine
1211 4437 1363 4530 lymphas.

513 4564 652 4636 Ducebat
668 4567 787 4655 primas
806 4563 972 4633 acies'dux
991 4563 1056 4644 ille,
1076 4565 1211 4652 potentis

513 4690 647 4782 Agmine
667 4691 721 4781 qui
738 4697 844 4780 posset
861 4697 928 4758 toto
946 4708 985 4758 en
1004 4690 1126 4758 oriente
1144 4697 1250 4758 eoacto

513 4818 637 4888 Ducere
654 4814 784 4893 Xerxis,
804 4833 881 4902 opes
898 4810 992 4882 Asiae
1006 4833 1079 4882 cum
1094 4811 1209 4903 junxit,
1230 4822 1261 4882 ot
1279 4813 1383 4882 hausit

513 4938 781 5030 Hellespontiacos
798 4956 964 5005 numeroso
982 4936 1082 5005 milite
1100 4937 1227 5006 lluclus:
