3440 5392
984 756 1034 822 CV

510 1017 617 1088 Dulcis
634 995 787 1088 amicitiae
806 1019 946 1110 speeiem
964 1018 1108 1088 mandata
1127 1018 1283 1102 serebant,

490 1143 493 1150 “
509 1142 573 1213 Sed
593 1151 696 1213 tamen
715 1151 819 1213 atrum
837 1146 921 1215 intus
940 1143 1104 1213 servabant
1123 1143 1196 1214 ficta
1214 1165 1389 1228 venenum

508 1267 589 1337 Nam
608 1287 697 1337 mens
714 1268 819 1338 hostili
838 1267 936 1338 servet
954 1267 1112 1338 flammata
1131 1268 1254 1353 surore3

509 1391 597 1474 Quae
615 1391 716 1482 patuit
735 1391 860 1461 tandem
878 1391 1049 1462 manifestis
1068 1392 1150 1462 edita
1170 1393 1279 1484 signis

509 1513 537 1584 0
555 1535 679 1605 magna,
699 1534 720 1584 0
738 1515 887 1606 gravibus
906 1516 1037 1585 conflata
1055 1516 1196 1606 pericula
1215 1516 1352 1587 damnis!

510 1637 537 1708 Ο
556 1638 662 1720 dubia,
683 1647 714 1710 et
733 1659 894 1730 nunquam
912 1647 1038 1710 nostrae
1057 1639 1106 1709 via
1125 1647 1191 1709 tuta
1209 1639 1332 1710 salutis!

510 1764 554 1836 Ut
573 1785 635 1854 quo
653 1766 809 1855 praesidio
827 1786 898 1856 spes
916 1774 1022 1834 nostra
1042 1765 1198 1848 innititur,
1218 1765 1296 1834 illud

510 1887 657 1971 corruat,
678 1898 708 1959 et
727 1889 856 1959 dubiam
874 1897 964 1958 vocet
983 1890 1015 1959 in
1034 1889 1213 1960 discrimina
1232 1889 1349 1960 vitam

977 2233 1040 2310 CVI

513 2509 597 2594 Quot
613 2517 729 2590 motus
749 2510 899 2600 ventique
917 2507 993 2590 salo,
1014 2517 1089 2600 quot
1109 2509 1140 2578 in
1159 2527 1295 2599 aequore
1314 2507 1445 2579 fluetus!

511 2634 660 2724 Morsque
679 2633 761 2704 inter
786 2633 929 2724 scopulos
948 2635 1081 2725 quoties,
1101 2642 1266 2724 syrtesqua
1284 2633 1405 2724 parata!

513 2761 597 2845 Quot
613 2760 695 2830 bella
713 2757 905 2850 insidiaeque
925 2759 1007 2830 solos
1030 2768 1105 2850 quot
1124 2761 1217 2830 sortis
1235 2759 1360 2849 iniquae

512 2885 665 2956 Vulnera!
689 2892 765 2975 quot
783 2884 917 2954 miserae
936 2903 1106 2973 curaeque,
1127 2891 1159 2952 et
1177 2882 1279 2951 taedia
1298 2882 1395 2953 vitae!

514 3008 585 3079 Heu
602 3009 744 3078 mortalis
761 3007 817 3078 uhi
835 3007 951 3099 fragilis
969 3007 1139 3078 consistet?
1155 3005 1290 3096 Asylum

514 3133 651 3217 Quaeret
669 3131 747 3202 ubi?
766 3133 874 3217 Quave
892 3131 945 3201 ille
964 3138 1054 3220 paret
1072 3131 1193 3200 ratione
1211 3130 1368 3202 salutem?

514 3256 637 3330 Mortali
654 3258 783 3348 opponit
800 3266 866 3327 toto
883 3277 918 3327 se
935 3254 1063 3324 numine
1082 3253 1224 3324 eaelum.
1238 3308 1266 3323 ..

514 3383 557 3454 Et
570 3380 659 3472 juvat
676 3383 709 3451 in
726 3401 840 3473 parvos
858 3380 973 3452 armari
992 3379 1095 3450 sidera
1113 3379 1261 3449 vermes?

884 3872 956 3918 mals
971 3872 1046 3918 unffi
1061 3871 1139 3917 Pium
