3384 5370
863 471 1015 518 nunaunt:

888 728 989 791 uxvtt

439 993 530 1078 Quod
550 993 574 1060 si
595 1001 677 1060 tanta
697 991 763 1062 iero
782 993 910 1082 potuisti
931 995 1039 1062 turrera
1060 991 1141 1060 totto

438 1116 552 1195 Edere,
573 1125 680 1205 totque
699 1116 818 1185 animas
836 1115 942 1206 Cocyti
962 1116 1134 1184 immittere
1152 1135 1261 1202 regim,

438 1240 542 1324 Quum
561 1240 669 1330 popuii
689 1240 806 1310 veteris
823 1239 919 1310 studii
937 1240 1079 1330 tegisque
1097 1239 1215 1308 tenacis

437 1365 581 1434 Stravisti
601 1373 739 1434 sanctam
759 1363 896 1434 crudelis
914 1363 1055 1434 funditus
1074 1363 1200 1447 urbem,

436 1487 490 1558 iila
509 1488 567 1556 init
585 1489 744 1578 Superum
764 1489 869 1578 gravis
887 1488 970 1558 edita
989 1488 1119 1556 numina
1139 1487 1252 1567 clades,

435 1613 644 1703 Nonpatrata
663 1623 744 1694 tuac,
766 1613 835 1682 Tite
853 1614 1000 1692 maxime,
1021 1612 1136 1682 robore
1156 1612 1300 1682 dextrae:

437 1738 490 1806 Sic
508 1738 666 1828 quondam
685 1758 772 1808 sacro
791 1738 972 1807 cecinerunt
991 1737 1131 1806 carmine
1149 1745 1247 1816 vates

437 1862 565 1931 Addidit
585 1861 657 1930 inde
676 1865 740 1931 suis
758 1861 903 1932 Christus
921 1883 1001 1932 nora
1019 1861 1157 1952 pondera
1176 1859 1294 1931 verbis.

874 2223 986 2285 cxvrtt

435 2487 527 2556 Panto
545 2488 642 2576 igitur
660 2486 794 2558 celebris
812 2497 875 2557 tarn
894 2486 978 2559 claro
997 2506 1129 2555 munere
1147 2485 1279 2576 palmae,

434 2611 613 2702 diphonsus
631 2613 748 2702 patrias
765 2631 838 2682 cum
853 2613 918 2702 jam
937 2611 1081 2682 rediisset
1100 2612 1132 2678 in
1152 2611 1255 2691 aedes,

433 2735 477 2807 Ut
495 2735 636 2825 placidus
653 2736 751 2806 laetae
770 2736 928 2806 frueretur
944 2735 1028 2825 pacis
1047 2736 1177 2815 honoro,

433 2843 492 2930 Par
510 2859 569 2929 sihi
590 2860 639 2930 vel
658 2860 743 2951 pacis
761 2879 898 2951 compos,
920 2861 968 2931 vei
987 2861 1086 2930 Marta
1104 2859 1271 2951 superbus,

431 2983 516 3052 Proh
534 2983 638 3054 dolor!
657 2983 713 3053 ille
733 2993 821 3052 atrox
838 2993 904 3053 toto
922 2961 1137 3055 memorabilis
1154 2984 1241 3064 orbe,

433 3109 493 3192 Qui
512 3109 593 3199 potis
612 3129 650 3180 er
670 3109 734 3179 imo
753 3111 860 3180 Manes
878 3110 982 3178 excire
1000 3110 1169 3200 sepulchro

432 3233 543 3303 Extitit
561 3241 704 3314 eventus,
725 3235 792 3303 diro
811 3234 865 3324 qui
884 3233 1005 3303 sustulit
1025 3234 1089 3303 ictu

432 3357 520 3426 ittam
539 3357 706 3438 infelicem,
725 3359 843 3428 meruit
861 3377 942 3447 quae
959 3359 1060 3430 occisa
1078 3377 1237 3427 coronam.

879 3715 969 3780 cxix
1032 3683 1039 3696 '

430 3979 477 4048 Tu
493 3980 590 4060 sotus,
611 3989 644 4048 tu
662 3998 762 4068 purus
781 3999 879 4060 arnor,
900 3978 1081 4050 crudelibus
1099 3980 1193 4058 ausis,

429 4103 515 4187 Quos
532 4104 620 4174 iuror
638 4089 956 4194 armenicorum
975 4105 1036 4174 ciet
1054 4105 1148 4194 ignea
1164 4107 1268 4187 corde,

429 4227 528 4298 Causa
546 4229 632 4298 necis
649 4230 713 4298 sola
732 4247 777 4310 00,
798 4236 828 4298 10
846 4237 976 4319 propter
993 4230 1128 4299 concidit
1146 4231 1208 4312 illa,

428 4355 504 4424 Fida
521 4354 589 4434 tibi,
610 4353 724 4445 datque
742 4355 814 4424 inde
831 4353 930 4424 hostis
948 4375 1006 4424 ceu
1024 4356 1142 4446 perfida
1160 4377 1287 4447 poenas.

428 4477 462 4546 Si
481 4487 533 4548 tua
551 4477 634 4568 quod
653 4487 830 4548 memorant
848 4479 925 4560 sitis
946 4480 1053 4570 impie,
1074 4480 1142 4551 dira
1161 4482 1287 4572 cupido,

425 4601 490 4671 Nec
507 4622 611 4691 prece,
631 4603 778 4672 nervive
796 4603 1006 4693 lacrymarum
1024 4607 1218 4696 extinguitur
1235 4605 1352 4687 imbra;

426 4723 525 4795 Causa
541 4734 639 4816 patet,
659 4727 742 4816 quod
760 4736 805 4809 tu,
825 4728 930 4798 furiati
950 4748 1038 4799 more
1055 4733 1188 4822 tyranni,

425 4849 563 4940 Emotis,
584 4851 722 4918 humano
738 4858 774 4918 ut
792 4857 845 4921 tua
864 4851 984 4922 diffluat
1002 4875 1057 4924 ara
1074 4873 1198 4925 cruore.
