3394 5372
957 508 1112 556 LUSIADAE

996 767 1069 829 tvtt

537 1030 595 1099 His
612 1029 715 1108 dictis,
736 1029 862 1099 tandem
877 1029 944 1120 jam
962 1029 1050 1119 regia
1069 1037 1150 1100 tecta
1170 1030 1327 1112 tenebant,

535 1155 666 1246 Magnus
684 1154 739 1224 ubi
758 1155 955 1246 imperioque
972 1163 1083 1244 potens
1101 1153 1271 1226 discumbit
1290 1157 1320 1225 in
1341 1157 1402 1226 alto

535 1279 603 1349 Rex
621 1279 713 1358 lecto,
734 1279 819 1349 mole
838 1280 963 1369 exiguo,
984 1299 1047 1370 quo
1066 1279 1162 1349 ditior
1180 1280 1256 1349 alter

535 1405 679 1496 Usquam
697 1425 759 1474 non
777 1403 868 1486 foret,
888 1414 941 1473 aut
960 1405 1101 1475 miranda
1119 1405 1259 1476 ornatior
1276 1415 1355 1476 arte.

536 1529 652 1600 Iudicat
672 1531 741 1620 ipsc
756 1529 881 1600 babitus
899 1529 995 1618 regis,
1015 1529 1185 1620 udtustpre
1204 1531 1372 1612 verendus,

535 1654 688 1744 Principis
707 1653 820 1740 excelsi
840 1653 956 1722 fastum
975 1653 1157 1744 dominique
1176 1655 1326 1745 potentis:

536 1778 639 1848 Aurea
657 1780 865 1869 praecingunt
883 1797 999 1869 corpus
1018 1777 1180 1858 velamina,
1202 1779 1335 1850 frontem

535 1903 667 1972 Pulchra
686 1923 800 1973 corona
819 1903 947 1993 premit,
967 1903 1060 1972 variis
1079 1912 1235 1994 gemmata
1253 1904 1377 1993 lapillis.

939 2245 942 2252 ’
985 2263 1071 2327 curn

534 2527 601 2596 Stat
619 2546 719 2616 prope
737 2525 839 2596 ironte
857 2545 951 2596 senex
969 2525 1116 2608 demissi,
1135 2526 1306 2618 habituque
1326 2527 1452 2597 colentis

533 2650 706 2720 Subsidens
725 2650 868 2740 genibus,
889 2651 943 2742 qni
963 2671 1067 2741 saepe,
1088 2673 1123 2721 ac
1141 2660 1286 2742 tempore
1304 2663 1406 2745 capto,

532 2774 668 2864 Porrigit
686 2774 847 2844 ardentem
866 2775 946 2844 foliis
964 2775 1174 2844 viridantibus
1193 2775 1339 2845 herbam:

532 2899 679 2968 Ruminat
697 2898 778 2969 banc
795 2899 952 2990 princeps,
973 2901 1075 2990 gentis
1093 2900 1132 2968 de
1150 2919 1239 2970 more
1257 2910 1398 2972 vetusto:

532 3023 761 3093 brachmanum
780 3033 879 3093 aetate
898 3043 933 3093 ac
952 3033 1041 3112 gestu
1061 3023 1248 3093 venerabilis
1266 3045 1350 3094 unus

532 3148 663 3218 Gamam
683 3148 807 3230 aditet,
828 3149 920 3218 lentis
936 3148 1084 3218 incedens
1103 3149 1257 3239 passibus,
1277 3150 1375 3219 ambit

532 3272 701 3362 Obsequio,
721 3283 757 3342 ut
775 3293 881 3344 coram
900 3293 1048 3363 supremo
1066 3274 1212 3363 principe
1230 3275 1333 3344 sistat:

531 3397 591 3467 Hic
608 3407 699 3479 nutu,
720 3408 812 3489 atque
829 3418 936 3481 manu,
957 3399 1080 3468 veniam
1098 3399 1172 3469 iacit
1190 3409 1261 3469 ante
1280 3399 1419 3470 sedendi.

992 3760 1055 3822 ttx

529 4021 626 4091 Gama
644 4041 743 4112 prope
762 4021 880 4091 accedit
898 4022 989 4101 lecto,
1008 4023 1166 4113 pauloque
1185 4023 1297 4093 remoti

527 4143 606 4215 Aula
624 4153 706 4214 stant
725 4148 845 4215 circmn
862 4146 952 4227 socii,
972 4147 1141 4237 cunctique
1160 4146 1315 4217 tacebant:

526 4268 690 4350 EtbnicuS,
710 4278 856 4352 attentus,
877 4269 983 4341 mlum
1002 4280 1169 4361 vestesque
1187 4271 1314 4341 notabat

526 4393 609 4463 Talis
627 4414 706 4484 quae
723 4415 883 4486 nunquam
901 4395 1003 4465 iuerat
1021 4395 1081 4464 sibi
1101 4395 1225 4486 cognita
1245 4395 1359 4486 gentis

525 4518 612 4601 Inde,
632 4539 761 4610 gravem
779 4519 914 4591 fundens
931 4520 1078 4611 prudenti
1097 4542 1114 4590 a
1132 4531 1259 4611 pectore
1279 4502 1402 4600 vocem,

526 4645 594 4728 Qua
612 4665 685 4714 mox
702 4644 755 4714 ille
774 4645 869 4715 fidem
888 4645 947 4716 sibi
966 4646 1141 4716 conciliavit
1160 4645 1295 4727 abunde,

525 4768 701 4848 Facundus,
721 4775 783 4839 tota
801 4770 909 4861 populi
927 4769 1095 4860 plaudente
1113 4775 1239 4850 corona,

526 4893 583 4962 His
601 4894 714 4963 ductor
733 4913 842 4982 regem
860 4915 1029 4985 aggressus
1047 4897 1245 4968 sermonibus
1263 4895 1345 4966 infit:
