<?xml version="1.0" encoding="UTF-8"?>
<!DOCTYPE html PUBLIC "-//W3C//DTD XHTML 1.0 Transitional//EN"
    "http://www.w3.org/TR/xhtml1/DTD/xhtml1-transitional.dtd">
<html xmlns="http://www.w3.org/1999/xhtml" xml:lang="en" lang="en">
 <head>
  <title>
</title>
<meta http-equiv="Content-Type" content="text/html;charset=utf-8" />
  <meta name='ocr-system' content='tesseract 3.04.00' />
  <meta name='ocr-capabilities' content='ocr_page ocr_carea ocr_par ocr_line ocrx_word'/>
</head>
<body>
  <div class='ocr_page' id='page_1' title='image "./alusiadadeluizd00deslgoog_0131.png"; bbox 0 0 3384 5370; ppageno 0'>
   <div class='ocr_carea' id='block_1_1' title="bbox 894 435 1051 483">
    <p class='ocr_par' dir='ltr' id='par_1_1' title="bbox 894 435 1051 483">
     <span class='ocr_line' id='line_1_1' title="bbox 894 435 1051 483; baseline -0.019 0"><span class='ocrx_word' id='word_1_1' title='bbox 894 435 1051 483; x_wconf 70' lang='lat' dir='ltr'>crs&#39;lluau</span> 
     </span>
    </p>
   </div>
   <div class='ocr_carea' id='block_1_2' title="bbox 912 690 1033 754">
    <p class='ocr_par' dir='ltr' id='par_1_2' title="bbox 912 690 1033 754">
     <span class='ocr_line' id='line_1_2' title="bbox 912 690 1033 754; baseline 0 0"><span class='ocrx_word' id='word_1_2' title='bbox 912 690 1033 754; x_wconf 84' lang='lat' dir='ltr'>XXXIX</span> 
     </span>
    </p>
   </div>
   <div class='ocr_carea' id='block_1_3' title="bbox 475 951 1315 1297">
    <p class='ocr_par' dir='ltr' id='par_1_3' title="bbox 475 951 1315 1297">
     <span class='ocr_line' id='line_1_3' title="bbox 475 951 1315 1045; baseline -0.008 -16"><span class='ocrx_word' id='word_1_3' title='bbox 475 959 541 1029; x_wconf 93' lang='lat' dir='ltr'>Nec</span> <span class='ocrx_word' id='word_1_4' title='bbox 558 977 610 1028; x_wconf 93' lang='lat' dir='ltr'>me</span> <span class='ocrx_word' id='word_1_5' title='bbox 628 957 713 1028; x_wconf 92' lang='lat' dir='ltr'>solus</span> <span class='ocrx_word' id='word_1_6' title='bbox 730 975 801 1045; x_wconf 83' lang='lat' dir='ltr'>ego,</span> <span class='ocrx_word' id='word_1_7' title='bbox 821 965 853 1026; x_wconf 87' lang='lat' dir='ltr'>et</span> <span class='ocrx_word' id='word_1_8' title='bbox 871 955 965 1024; x_wconf 90' lang='lat' dir='ltr'>chara</span> <span class='ocrx_word' id='word_1_9' title='bbox 982 972 1055 1024; x_wconf 92' lang='lat' dir='ltr'>com</span> <span class='ocrx_word' id='word_1_10' title='bbox 1073 951 1207 1043; x_wconf 85' lang='lat' dir='ltr'>conjuge</span> <span class='ocrx_word' id='word_1_11' title='bbox 1228 960 1315 1022; x_wconf 87' lang='lat' dir='ltr'>natos</span> 
     </span>
     <span class='ocr_line' id='line_1_4' title="bbox 475 1077 1204 1170; baseline -0.01 -17"><span class='ocrx_word' id='word_1_12' title='bbox 475 1083 622 1154; x_wconf 84' lang='lat' dir='ltr'>Devoveo</span> <span class='ocrx_word' id='word_1_13' title='bbox 639 1082 734 1152; x_wconf 91' lang='lat' dir='ltr'>morti</span> <span class='ocrx_word' id='word_1_14' title='bbox 753 1081 899 1160; x_wconf 79' lang='lat' dir='ltr'><strong>insontes,</strong></span> <span class='ocrx_word' id='word_1_15' title='bbox 920 1081 947 1148; x_wconf 93' lang='lat' dir='ltr'>si</span> <span class='ocrx_word' id='word_1_16' title='bbox 966 1086 1097 1170; x_wconf 79' lang='lat' dir='ltr'>pectora</span> <span class='ocrx_word' id='word_1_17' title='bbox 1115 1077 1204 1147; x_wconf 90' lang='lat' dir='ltr'>lusus</span> 
     </span>
     <span class='ocr_line' id='line_1_5' title="bbox 476 1202 1204 1297; baseline -0.011 -19"><span class='ocrx_word' id='word_1_18' title='bbox 476 1207 616 1278; x_wconf 87' lang='lat' dir='ltr'>Delectat</span> <span class='ocrx_word' id='word_1_19' title='bbox 635 1225 786 1297; x_wconf 84' lang='lat' dir='ltr'>generoso</span> <span class='ocrx_word' id='word_1_20' title='bbox 805 1224 910 1283; x_wconf 92' lang='lat' dir='ltr'>cruor,</span> <span class='ocrx_word' id='word_1_21' title='bbox 931 1203 957 1272; x_wconf 90' lang='lat' dir='ltr'>si</span> <span class='ocrx_word' id='word_1_22' title='bbox 973 1202 1056 1293; x_wconf 85' lang='lat' dir='ltr'>justa</span> <span class='ocrx_word' id='word_1_23' title='bbox 1074 1221 1204 1271; x_wconf 92' lang='lat' dir='ltr'>reorum</span> 
     </span>
    </p>
   </div>
   <div class='ocr_carea' id='block_1_4' title="bbox 476 1327 1516 1908">
    <p class='ocr_par' dir='ltr' id='par_1_4' title="bbox 477 1327 1349 1421">
     <span class='ocr_line' id='line_1_6' title="bbox 477 1327 1349 1421; baseline -0.008 -18"><span class='ocrx_word' id='word_1_24' title='bbox 477 1333 626 1413; x_wconf 78' lang='lat' dir='ltr'>Vulnera,</span> <span class='ocrx_word' id='word_1_25' title='bbox 645 1351 770 1401; x_wconf 87' lang='lat' dir='ltr'>morsve</span> <span class='ocrx_word' id='word_1_26' title='bbox 789 1331 902 1421; x_wconf 87' lang='lat' dir='ltr'>placet,</span> <span class='ocrx_word' id='word_1_27' title='bbox 923 1348 1029 1398; x_wconf 92' lang='lat' dir='ltr'>coram</span> <span class='ocrx_word' id='word_1_28' title='bbox 1047 1335 1079 1396; x_wconf 91' lang='lat' dir='ltr'>te</span> <span class='ocrx_word' id='word_1_29' title='bbox 1098 1327 1255 1408; x_wconf 91' lang='lat' dir='ltr'>sistimur;</span> <span class='ocrx_word' id='word_1_30' title='bbox 1275 1345 1349 1396; x_wconf 90' lang='lat' dir='ltr'>ecce</span> 
     </span>
    </p>

    <p class='ocr_par' dir='ltr' id='par_1_5' title="bbox 476 1452 1516 1792">
     <span class='ocr_line' id='line_1_7' title="bbox 476 1452 1350 1548; baseline -0.009 -20"><span class='ocrx_word' id='word_1_31' title='bbox 476 1459 596 1548; x_wconf 80' lang='lat' dir='ltr'>Lingua</span> <span class='ocrx_word' id='word_1_32' title='bbox 611 1477 738 1537; x_wconf 87' lang='lat' dir='ltr'>nocens,</span> <span class='ocrx_word' id='word_1_33' title='bbox 757 1465 929 1546; x_wconf 88' lang='lat' dir='ltr'>turpesque</span> <span class='ocrx_word' id='word_1_34' title='bbox 947 1473 1073 1535; x_wconf 86' lang='lat' dir='ltr'>manus;</span> <span class='ocrx_word' id='word_1_35' title='bbox 1094 1452 1243 1522; x_wconf 87' lang='lat' dir='ltr'>immania</span> <span class='ocrx_word' id='word_1_36' title='bbox 1261 1471 1350 1520; x_wconf 84' lang='lat' dir='ltr'>sunm</span> 
     </span>
     <span class='ocr_line' id='line_1_8' title="bbox 477 1567 1516 1673; baseline -0.016 -20"><span class='ocrx_word' id='word_1_37' title='bbox 477 1583 650 1673; x_wconf 81' lang='lat' dir='ltr'>Supplicia,</span> <span class='ocrx_word' id='word_1_38' title='bbox 671 1601 764 1651; x_wconf 92' lang='lat' dir='ltr'>omne</span> <span class='ocrx_word' id='word_1_39' title='bbox 783 1599 883 1670; x_wconf 84' lang='lat' dir='ltr'>geum</span> <span class='ocrx_word' id='word_1_40' title='bbox 900 1597 1022 1669; x_wconf 87' lang='lat' dir='ltr'>poenae</span> <span class='ocrx_word' id='word_1_41' title='bbox 1040 1597 1168 1667; x_wconf 81' lang='lat' dir='ltr'>aggero,</span> <span class='ocrx_word' id='word_1_42' title='bbox 1188 1585 1220 1646; x_wconf 83' lang='lat' dir='ltr'>et</span> <span class='ocrx_word' id='word_1_43' title='bbox 1238 1577 1347 1665; x_wconf 83' lang='lat' dir='ltr'>ingere</span> <span class='ocrx_word' id='word_1_44' title='bbox 1365 1567 1516 1666; x_wconf 86' lang='lat' dir='ltr'>quidquid</span> 
     </span>
     <span class='ocr_line' id='line_1_9' title="bbox 478 1701 1358 1792; baseline -0.007 -18"><span class='ocrx_word' id='word_1_45' title='bbox 478 1706 612 1786; x_wconf 86' lang='lat' dir='ltr'>Durum,</span> <span class='ocrx_word' id='word_1_46' title='bbox 633 1705 805 1783; x_wconf 90' lang='lat' dir='ltr'>insuetum,</span> <span class='ocrx_word' id='word_1_47' title='bbox 825 1712 914 1772; x_wconf 82' lang='lat' dir='ltr'>atros</span> <span class='ocrx_word' id='word_1_48' title='bbox 932 1703 1036 1771; x_wconf 87' lang='lat' dir='ltr'>cuncti</span> <span class='ocrx_word' id='word_1_49' title='bbox 1056 1702 1205 1770; x_wconf 86' lang='lat' dir='ltr'>invexere</span> <span class='ocrx_word' id='word_1_50' title='bbox 1223 1701 1358 1792; x_wconf 79' lang='lat' dir='ltr'>tyranni,</span> 
     </span>
    </p>

    <p class='ocr_par' dir='ltr' id='par_1_6' title="bbox 479 1823 1266 1908">
     <span class='ocr_line' id='line_1_10' title="bbox 479 1823 1266 1908; baseline -0.009 -10"><span class='ocrx_word' id='word_1_51' title='bbox 479 1829 567 1900; x_wconf 89' lang='lat' dir='ltr'>llorc</span> <span class='ocrx_word' id='word_1_52' title='bbox 586 1828 690 1898; x_wconf 91' lang='lat' dir='ltr'>Scinis</span> <span class='ocrx_word' id='word_1_53' title='bbox 708 1827 804 1908; x_wconf 87' lang='lat' dir='ltr'>saevi,</span> <span class='ocrx_word' id='word_1_54' title='bbox 823 1835 990 1898; x_wconf 81' lang='lat' dir='ltr'>laurumve</span> <span class='ocrx_word' id='word_1_55' title='bbox 1009 1825 1132 1895; x_wconf 86' lang='lat' dir='ltr'>imitare</span> <span class='ocrx_word' id='word_1_56' title='bbox 1150 1823 1266 1894; x_wconf 92' lang='lat' dir='ltr'>Perilli.</span> 
     </span>
    </p>
   </div>
   <div class='ocr_carea' id='block_1_5' title="bbox 950 2183 1001 2246">
    <p class='ocr_par' dir='ltr' id='par_1_7' title="bbox 950 2183 1001 2246">
     <span class='ocr_line' id='line_1_11' title="bbox 950 2183 1001 2246; baseline 0 0"><span class='ocrx_word' id='word_1_57' title='bbox 950 2183 1001 2246; x_wconf 87' lang='lat' dir='ltr'>XL</span> 
     </span>
    </p>
   </div>
   <div class='ocr_carea' id='block_1_6' title="bbox 480 2443 1437 3408">
    <p class='ocr_par' dir='ltr' id='par_1_8' title="bbox 481 2443 1325 2663">
     <span class='ocr_line' id='line_1_12' title="bbox 481 2443 1325 2538; baseline -0.005 -18"><span class='ocrx_word' id='word_1_58' title='bbox 481 2447 640 2520; x_wconf 69' lang='lat' dir='ltr'>involuti</span> <span class='ocrx_word' id='word_1_59' title='bbox 659 2467 732 2518; x_wconf 90' lang='lat' dir='ltr'>reus</span> <span class='ocrx_word' id='word_1_60' title='bbox 750 2455 821 2518; x_wconf 88' lang='lat' dir='ltr'>ante</span> <span class='ocrx_word' id='word_1_61' title='bbox 838 2455 962 2516; x_wconf 87' lang='lat' dir='ltr'>trucem</span> <span class='ocrx_word' id='word_1_62' title='bbox 981 2467 1081 2538; x_wconf 84' lang='lat' dir='ltr'>quum</span> <span class='ocrx_word' id='word_1_63' title='bbox 1099 2443 1221 2516; x_wconf 86' lang='lat' dir='ltr'>sistitur</span> <span class='ocrx_word' id='word_1_64' title='bbox 1237 2453 1325 2516; x_wconf 81' lang='lat' dir='ltr'>aottis</span> 
     </span>
     <span class='ocr_line' id='line_1_13' title="bbox 482 2570 1280 2663; baseline -0.003 -21"><span class='ocrx_word' id='word_1_65' title='bbox 482 2573 657 2654; x_wconf 82' lang='lat' dir='ltr'>Tortorem,</span> <span class='ocrx_word' id='word_1_66' title='bbox 678 2571 754 2642; x_wconf 86' lang='lat' dir='ltr'>lethi</span> <span class='ocrx_word' id='word_1_67' title='bbox 769 2571 835 2663; x_wconf 88' lang='lat' dir='ltr'>jam</span> <span class='ocrx_word' id='word_1_68' title='bbox 854 2572 1009 2652; x_wconf 89' lang='lat' dir='ltr'>conscius,</span> <span class='ocrx_word' id='word_1_69' title='bbox 1029 2570 1135 2660; x_wconf 85' lang='lat' dir='ltr'>objicit</span> <span class='ocrx_word' id='word_1_70' title='bbox 1153 2589 1280 2641; x_wconf 86' lang='lat' dir='ltr'>omnem</span> 
     </span>
    </p>

    <p class='ocr_par' dir='ltr' id='par_1_9' title="bbox 480 2695 1437 3036">
     <span class='ocr_line' id='line_1_14' title="bbox 481 2695 1437 2789; baseline -0.004 -21"><span class='ocrx_word' id='word_1_71' title='bbox 481 2697 578 2789; x_wconf 91' lang='lat' dir='ltr'>Spem</span> <span class='ocrx_word' id='word_1_72' title='bbox 595 2699 687 2776; x_wconf 85' lang='lat' dir='ltr'>vitae,</span> <span class='ocrx_word' id='word_1_73' title='bbox 705 2697 916 2788; x_wconf 80' lang='lat' dir='ltr'>jugulumque</span> <span class='ocrx_word' id='word_1_74' title='bbox 934 2695 1039 2777; x_wconf 83' lang='lat' dir='ltr'>offert,</span> <span class='ocrx_word' id='word_1_75' title='bbox 1059 2695 1235 2785; x_wconf 80' lang='lat' dir='ltr'>vmnusoue</span> <span class='ocrx_word' id='word_1_76' title='bbox 1253 2714 1437 2786; x_wconf 86' lang='lat' dir='ltr'>supremum</span> 
     </span>
     <span class='ocr_line' id='line_1_15' title="bbox 480 2819 1314 2910; baseline -0.005 -19"><span class='ocrx_word' id='word_1_77' title='bbox 480 2820 618 2892; x_wconf 87' lang='lat' dir='ltr'>Pallidus</span> <span class='ocrx_word' id='word_1_78' title='bbox 636 2829 788 2910; x_wconf 84' lang='lat' dir='ltr'>expectat,</span> <span class='ocrx_word' id='word_1_79' title='bbox 808 2840 909 2910; x_wconf 89' lang='lat' dir='ltr'>paene</span> <span class='ocrx_word' id='word_1_80' title='bbox 928 2828 959 2889; x_wconf 87' lang='lat' dir='ltr'>et</span> <span class='ocrx_word' id='word_1_81' title='bbox 974 2819 1041 2909; x_wconf 89' lang='lat' dir='ltr'>jam</span> <span class='ocrx_word' id='word_1_82' title='bbox 1059 2819 1189 2888; x_wconf 91' lang='lat' dir='ltr'>vulnera</span> <span class='ocrx_word' id='word_1_83' title='bbox 1208 2820 1314 2889; x_wconf 86' lang='lat' dir='ltr'>sentit.</span> 
     </span>
     <span class='ocr_line' id='line_1_16' title="bbox 480 2943 1321 3036; baseline -0.002 -22"><span class='ocrx_word' id='word_1_84' title='bbox 480 2945 634 3036; x_wconf 86' lang='lat' dir='ltr'>Principis</span> <span class='ocrx_word' id='word_1_85' title='bbox 652 2954 723 3014; x_wconf 88' lang='lat' dir='ltr'>ante</span> <span class='ocrx_word' id='word_1_86' title='bbox 742 2945 862 3024; x_wconf 75' lang='lat' dir='ltr'>oculos</span> <span class='ocrx_word' id='word_1_87' title='bbox 882 2944 936 3033; x_wconf 89' lang='lat' dir='ltr'>qui</span> <span class='ocrx_word' id='word_1_88' title='bbox 955 2963 1069 3013; x_wconf 87' lang='lat' dir='ltr'>saevus</span> <span class='ocrx_word' id='word_1_89' title='bbox 1087 2951 1120 3012; x_wconf 84' lang='lat' dir='ltr'>ot</span> <span class='ocrx_word' id='word_1_90' title='bbox 1137 2943 1250 3034; x_wconf 85' lang='lat' dir='ltr'>igneus</span> <span class='ocrx_word' id='word_1_91' title='bbox 1263 2944 1321 3024; x_wconf 91' lang='lat' dir='ltr'>ira,</span> 
     </span>
    </p>

    <p class='ocr_par' dir='ltr' id='par_1_10' title="bbox 481 3065 1208 3158">
     <span class='ocr_line' id='line_1_17' title="bbox 481 3065 1208 3158; baseline -0.001 -21"><span class='ocrx_word' id='word_1_92' title='bbox 481 3069 564 3138; x_wconf 87' lang='lat' dir='ltr'>Talis</span> <span class='ocrx_word' id='word_1_93' title='bbox 581 3067 665 3158; x_wconf 86' lang='lat' dir='ltr'>Egas</span> <span class='ocrx_word' id='word_1_94' title='bbox 683 3070 778 3137; x_wconf 93' lang='lat' dir='ltr'>morti</span> <span class='ocrx_word' id='word_1_95' title='bbox 796 3068 927 3137; x_wconf 88' lang='lat' dir='ltr'>devotus</span> <span class='ocrx_word' id='word_1_96' title='bbox 944 3066 1037 3148; x_wconf 89' lang='lat' dir='ltr'>sistit,</span> <span class='ocrx_word' id='word_1_97' title='bbox 1057 3065 1208 3136; x_wconf 86' lang='lat' dir='ltr'>acerbum</span> 
     </span>
    </p>

    <p class='ocr_par' dir='ltr' id='par_1_11' title="bbox 482 3191 1372 3408">
     <span class='ocr_line' id='line_1_18' title="bbox 482 3191 1372 3285; baseline 0.001 -23"><span class='ocrx_word' id='word_1_98' title='bbox 482 3193 676 3283; x_wconf 80' lang='lat' dir='ltr'>Supplicium</span> <span class='ocrx_word' id='word_1_99' title='bbox 695 3193 877 3285; x_wconf 90' lang='lat' dir='ltr'>opperiens;</span> <span class='ocrx_word' id='word_1_100' title='bbox 898 3191 953 3261; x_wconf 91' lang='lat' dir='ltr'>sed</span> <span class='ocrx_word' id='word_1_101' title='bbox 972 3211 1029 3260; x_wconf 80' lang='lat' dir='ltr'>rex</span> <span class='ocrx_word' id='word_1_102' title='bbox 1046 3191 1223 3262; x_wconf 88' lang='lat' dir='ltr'>stimulatus</span> <span class='ocrx_word' id='word_1_103' title='bbox 1241 3192 1372 3271; x_wconf 92' lang='lat' dir='ltr'>honore,</span> 
     </span>
     <span class='ocr_line' id='line_1_19' title="bbox 482 3317 1269 3408; baseline 0.001 -21"><span class='ocrx_word' id='word_1_104' title='bbox 482 3317 725 3408; x_wconf 78' lang='lat' dir='ltr'>Admiransque‚</span> <span class='ocrx_word' id='word_1_105' title='bbox 745 3318 842 3387; x_wconf 89' lang='lat' dir='ltr'>fidem</span> <span class='ocrx_word' id='word_1_106' title='bbox 859 3318 1011 3408; x_wconf 88' lang='lat' dir='ltr'>pietatem</span> <span class='ocrx_word' id='word_1_107' title='bbox 1028 3317 1176 3407; x_wconf 87' lang='lat' dir='ltr'>praetulit</span> <span class='ocrx_word' id='word_1_108' title='bbox 1195 3319 1269 3390; x_wconf 87' lang='lat' dir='ltr'>irae.</span> 
     </span>
    </p>
   </div>
   <div class='ocr_carea' id='block_1_7' title="bbox 944 3677 1007 3740">
    <p class='ocr_par' dir='ltr' id='par_1_12' title="bbox 944 3677 1007 3740">
     <span class='ocr_line' id='line_1_20' title="bbox 944 3677 1007 3740; baseline 0 0"><span class='ocrx_word' id='word_1_109' title='bbox 944 3677 1007 3740; x_wconf 91' lang='lat' dir='ltr'>XLl</span> 
     </span>
    </p>
   </div>
   <div class='ocr_carea' id='block_1_8' title="bbox 482 3936 1387 4902">
    <p class='ocr_par' dir='ltr' id='par_1_13' title="bbox 482 3936 1387 4292">
     <span class='ocr_line' id='line_1_21' title="bbox 484 3936 1275 4029; baseline 0.005 -21"><span class='ocrx_word' id='word_1_110' title='bbox 484 3937 603 4009; x_wconf 88' lang='lat' dir='ltr'>Olidei</span> <span class='ocrx_word' id='word_1_111' title='bbox 623 3937 710 4008; x_wconf 90' lang='lat' dir='ltr'>lusae</span> <span class='ocrx_word' id='word_1_112' title='bbox 727 3945 967 4008; x_wconf 89' lang='lat' dir='ltr'>monumentum</span> <span class='ocrx_word' id='word_1_113' title='bbox 987 3936 1123 4029; x_wconf 76' lang='lat' dir='ltr'>insigne!</span> <span class='ocrx_word' id='word_1_114' title='bbox 1145 3937 1275 4012; x_wconf 85' lang='lat' dir='ltr'>Clientis</span> 
     </span>
     <span class='ocr_line' id='line_1_22' title="bbox 482 4061 1387 4154; baseline -0.003 -21"><span class='ocrx_word' id='word_1_115' title='bbox 482 4063 582 4134; x_wconf 83' lang='lat' dir='ltr'>lllirus</span> <span class='ocrx_word' id='word_1_116' title='bbox 600 4081 700 4141; x_wconf 92' lang='lat' dir='ltr'>amor,</span> <span class='ocrx_word' id='word_1_117' title='bbox 719 4061 845 4152; x_wconf 88' lang='lat' dir='ltr'>proprio</span> <span class='ocrx_word' id='word_1_118' title='bbox 865 4061 1028 4131; x_wconf 89' lang='lat' dir='ltr'>dominum</span> <span class='ocrx_word' id='word_1_119' title='bbox 1047 4063 1101 4154; x_wconf 90' lang='lat' dir='ltr'>qui</span> <span class='ocrx_word' id='word_1_120' title='bbox 1120 4071 1223 4133; x_wconf 87' lang='lat' dir='ltr'>morte</span> <span class='ocrx_word' id='word_1_121' title='bbox 1241 4063 1387 4134; x_wconf 88' lang='lat' dir='ltr'>redemit!</span> 
     </span>
     <span class='ocr_line' id='line_1_23' title="bbox 483 4183 1247 4292; baseline -0.001 -34"><span class='ocrx_word' id='word_1_122' title='bbox 483 4187 561 4258; x_wconf 87' lang='lat' dir='ltr'>Nam</span> <span class='ocrx_word' id='word_1_123' title='bbox 582 4185 659 4276; x_wconf 88' lang='lat' dir='ltr'>quid</span> <span class='ocrx_word' id='word_1_124' title='bbox 677 4185 846 4254; x_wconf 84' lang='lat' dir='ltr'>Persarum</span> <span class='ocrx_word' id='word_1_125' title='bbox 865 4184 928 4254; x_wconf 84' lang='lat' dir='ltr'>dux</span> <span class='ocrx_word' id='word_1_126' title='bbox 948 4183 1062 4256; x_wconf 90' lang='lat' dir='ltr'>clarius</span> <span class='ocrx_word' id='word_1_127' title='bbox 1080 4185 1178 4256; x_wconf 83' lang='lat' dir='ltr'>edidit</span> <span class='ocrx_word' id='word_1_128' title='bbox 1196 4186 1247 4292; x_wconf 65' lang='lat' dir='ltr'>ille</span> 
     </span>
    </p>

    <p class='ocr_par' dir='ltr' id='par_1_14' title="bbox 483 4307 1330 4902">
     <span class='ocr_line' id='line_1_24' title="bbox 484 4307 1325 4402; baseline 0 -20"><span class='ocrx_word' id='word_1_129' title='bbox 484 4311 547 4382; x_wconf 87' lang='lat' dir='ltr'>Ora</span> <span class='ocrx_word' id='word_1_130' title='bbox 565 4321 676 4382; x_wconf 86' lang='lat' dir='ltr'>notans</span> <span class='ocrx_word' id='word_1_131' title='bbox 694 4307 806 4402; x_wconf 82' lang='lat' dir='ltr'>plagis,</span> <span class='ocrx_word' id='word_1_132' title='bbox 826 4311 1032 4400; x_wconf 90' lang='lat' dir='ltr'>proscindens</span> <span class='ocrx_word' id='word_1_133' title='bbox 1050 4312 1181 4383; x_wconf 91' lang='lat' dir='ltr'>vulnere</span> <span class='ocrx_word' id='word_1_134' title='bbox 1200 4333 1325 4395; x_wconf 89' lang='lat' dir='ltr'>nasum;</span> 
     </span>
     <span class='ocr_line' id='line_1_25' title="bbox 484 4435 1330 4526; baseline 0.002 -22"><span class='ocrx_word' id='word_1_135' title='bbox 484 4435 530 4505; x_wconf 79' lang='lat' dir='ltr'>oe</span> <span class='ocrx_word' id='word_1_136' title='bbox 548 4455 612 4526; x_wconf 89' lang='lat' dir='ltr'>quo</span> <span class='ocrx_word' id='word_1_137' title='bbox 631 4457 686 4506; x_wconf 82' lang='lat' dir='ltr'>rex</span> <span class='ocrx_word' id='word_1_138' title='bbox 703 4436 890 4526; x_wconf 83' lang='lat' dir='ltr'>lacrymans,</span> <span class='ocrx_word' id='word_1_139' title='bbox 911 4456 1080 4526; x_wconf 89' lang='lat' dir='ltr'>percussus</span> <span class='ocrx_word' id='word_1_140' title='bbox 1099 4437 1193 4508; x_wconf 87' lang='lat' dir='ltr'>corda</span> <span class='ocrx_word' id='word_1_141' title='bbox 1212 4437 1330 4518; x_wconf 89' lang='lat' dir='ltr'>dolore,</span> 
     </span>
     <span class='ocr_line' id='line_1_26' title="bbox 483 4560 1274 4652; baseline 0.005 -22"><span class='ocrx_word' id='word_1_142' title='bbox 483 4561 539 4630; x_wconf 88' lang='lat' dir='ltr'>Est</span> <span class='ocrx_word' id='word_1_143' title='bbox 558 4560 679 4642; x_wconf 90' lang='lat' dir='ltr'>solitus,</span> <span class='ocrx_word' id='word_1_144' title='bbox 699 4561 814 4630; x_wconf 91' lang='lat' dir='ltr'>merito</span> <span class='ocrx_word' id='word_1_145' title='bbox 832 4581 892 4652; x_wconf 93' lang='lat' dir='ltr'>pro</span> <span class='ocrx_word' id='word_1_146' title='bbox 909 4568 1006 4642; x_wconf 87' lang='lat' dir='ltr'>tanto,</span> <span class='ocrx_word' id='word_1_147' title='bbox 1027 4561 1150 4632; x_wconf 87' lang='lat' dir='ltr'>dicore:</span> <span class='ocrx_word' id='word_1_148' title='bbox 1171 4563 1274 4634; x_wconf 88' lang='lat' dir='ltr'>Sanus</span> 
     </span>
     <span class='ocr_line' id='line_1_27' title="bbox 483 4671 1302 4777; baseline 0.001 -21"><span class='ocrx_word' id='word_1_149' title='bbox 483 4686 624 4775; x_wconf 86' lang='lat' dir='ltr'>Zopyrus</span> <span class='ocrx_word' id='word_1_150' title='bbox 642 4703 661 4752; x_wconf 96' lang='lat' dir='ltr'>o</span> <span class='ocrx_word' id='word_1_151' title='bbox 678 4671 798 4754; x_wconf 77' lang='lat' dir='ltr'>otina&#39;m</span> <span class='ocrx_word' id='word_1_152' title='bbox 816 4683 911 4755; x_wconf 88' lang='lat' dir='ltr'>lorotl</span> <span class='ocrx_word' id='word_1_153' title='bbox 934 4685 965 4755; x_wconf 92' lang='lat' dir='ltr'>id</span> <span class='ocrx_word' id='word_1_154' title='bbox 983 4685 1061 4756; x_wconf 81' lang='lat' dir='ltr'>milri</span> <span class='ocrx_word' id='word_1_155' title='bbox 1080 4688 1201 4777; x_wconf 82' lang='lat' dir='ltr'>gratius</span> <span class='ocrx_word' id='word_1_156' title='bbox 1219 4697 1302 4759; x_wconf 89' lang='lat' dir='ltr'>esset</span> 
     </span>
     <span class='ocr_line' id='line_1_28' title="bbox 484 4805 1290 4902; baseline 0.004 -23"><span class='ocrx_word' id='word_1_157' title='bbox 484 4810 584 4895; x_wconf 87' lang='lat' dir='ltr'>Quam</span> <span class='ocrx_word' id='word_1_158' title='bbox 605 4805 713 4896; x_wconf 84' lang='lat' dir='ltr'>viginti</span> <span class='ocrx_word' id='word_1_159' title='bbox 731 4808 826 4879; x_wconf 88' lang='lat' dir='ltr'>urbes</span> <span class='ocrx_word' id='word_1_160' title='bbox 844 4809 962 4880; x_wconf 89' lang='lat' dir='ltr'>similes</span> <span class='ocrx_word' id='word_1_161' title='bbox 978 4809 1145 4902; x_wconf 87' lang='lat' dir='ltr'>Babylonis</span> <span class='ocrx_word' id='word_1_162' title='bbox 1163 4812 1290 4884; x_wconf 84' lang='lat' dir='ltr'>habere.</span> 
     </span>
    </p>
   </div>
   <div class='ocr_carea' id='block_1_9' title="bbox 0 0 1707 5370">
    <p class='ocr_par' dir='ltr' id='par_1_15' title="bbox 0 0 1707 5370">
     <span class='ocr_line' id='line_1_29' title="bbox 0 0 1707 5370; baseline 0 0"><span class='ocrx_word' id='word_1_163' title='bbox 0 0 1707 5370; x_wconf 95' lang='lat' dir='ltr'> </span> 
     </span>
    </p>
   </div>
  </div>
 </body>
</html>
