3394 5372
936 748 971 809 Ll

452 1009 603 1099 Anglicus
621 1011 783 1100 appulerat
800 1010 900 1100 Lysiis
916 1011 980 1101 iam
999 1013 1126 1081 nuntius
1144 1015 1219 1094 cris,

451 1133 550 1224 Regia
569 1143 651 1203 tecta
670 1154 752 1204 nuvu
770 1133 935 1204 fervebant
953 1136 1054 1206 excita
1075 1157 1164 1207 casu:

421 1338 428 1354 .
451 1258 519 1327 Rex
537 1259 622 1348 cupit
639 1258 705 1348 ipse
723 1259 812 1349 prior
829 1259 924 1329 talem
943 1258 1109 1330 delendere
1127 1281 1266 1342 causam,

451 1382 516 1452 Sed
534 1391 637 1452 tamen
656 1385 779 1474 augusti
799 1386 978 1453 reverentia
996 1386 1137 1454 muneris
1155 1385 1268 1456 obstat.

451 1508 500 1578 lre
519 1509 639 1578 alacres
657 1509 771 1600 reliqui
790 1510 921 1599 cupiunt
941 1510 971 1580 in
991 1510 1110 1601 praelia
1129 1513 1227 1592 cives,

451 1631 592 1723 Tutaque
610 1632 745 1702 bellandi
764 1633 868 1703 studio
887 1633 993 1703 tremit
1013 1635 1111 1704 aulica
1131 1635 1232 1725 pubes
1239 1659 1247 1718 ;

451 1755 545 1825 Solus
563 1765 594 1824 et
613 1756 741 1834 exultat,
761 1777 829 1826 sese
848 1755 987 1848 dicitque
1005 1757 1145 1839 beatum,

453 1879 551 1970 Cujus
569 1879 680 1948 blanda
699 1880 787 1951 ducis
805 1881 945 1972 designat
964 1884 1093 1973 epistola
1111 1903 1239 1953 numen.

1260 2175 1271 2217 ι

922 2241 968 2303 Lll

365 2529 367 2534 ¹
452 2503 541 2574 Urbe
559 2504 613 2573 ubi
631 2501 724 2594 (lerna
743 2501 853 2595 refert)
872 2504 945 2574 felix
964 2505 1116 2575 cunabula
1135 2505 1234 2576 latum

452 2628 619 2717 Lysiadum
637 2629 741 2718 posuit
759 2630 849 2719 regni
867 2639 931 2699 tarn
949 2630 1073 2712 nobilia,
1093 2630 1177 2701 unde

452 2755 592 2843 Sumpsit
609 2752 809 2844 praeclarum
827 2753 886 2823 sibi
904 2754 1094 2845 Pertugallia
1111 2776 1238 2836 nomen,

314 2941 317 2946 .
450 2878 583 2947 Parvum
600 2878 667 2948 uult
684 2900 799 2949 navem
816 2879 920 2950 subito
938 2881 1100 2971 saciusque
1119 2882 1233 2971 parari,

452 3001 514 3085 Qui
531 3010 617 3071 tenet
634 3004 819 3092 imperium:
840 3023 913 3072 inex
931 3023 999 3072 sese
1018 3005 1181 3094 accingere
1200 3013 1321 3074 certant

452 3124 571 3194 Bisseni
589 3125 716 3197 heroes:
736 3125 797 3196 sibi
816 3127 948 3217 quisque
966 3125 1179 3196 accommodat
1197 3148 1294 3209 arma,

451 3250 493 3319 Et
510 3261 623 3332 vestes,
645 3252 761 3342 galeas,
781 3253 902 3331 cristas,
923 3259 954 3321 et
972 3251 1129 3321 schemata
1148 3252 1316 3341 cultusque

452 3373 560 3456 Addit,
579 3395 677 3465 equus
693 3375 841 3466 phaleris,
862 3396 897 3444 se
914 3376 1000 3444 inille
1019 3376 1177 3445 caloribus
1196 3384 1296 3445 ornat.

917 3736 976 3797 llll

452 3999 583 4088 Jamque
601 3999 679 4068 adeo
698 4000 854 4080 instructi,
875 3977 1060 4088 veniamque
1079 4017 1096 4066 a
1115 4018 1190 4087 rege
1207 3999 1340 4088 precati,

451 4124 583 4214 Insignis
602 4122 682 4192 lerna
700 4123 789 4191 Durii
808 4123 882 4193 Lusi
902 4125 979 4194 ostia
997 4123 1155 4214 linquunt,

451 4251 536 4333 Ques
556 4248 639 4338 angli
658 4248 819 4317 manifesta
838 4249 926 4317 ducis
945 4247 1096 4338 suffragia
1113 4247 1209 4316 lectos

450 4373 579 4442 Mittunt
595 4373 626 4441 in
645 4373 762 4442 belluni
781 4382 844 4442 tam
858 4371 980 4461 justum
999 4382 1030 4441 et
1048 4371 1169 4442 nubile:
1190 4372 1296 4440 cuncti

451 4497 532 4566 Sunt
550 4498 664 4576 animo,
684 4505 778 4586 atque
799 4499 896 4566 armis
914 4497 1041 4576 similes,
1061 4515 1118 4565 nec
1136 4495 1253 4566 rubere
1272 4497 1441 4586 qusquam

452 4621 630 4692 Consiliove
649 4622 718 4703 alic,
739 4623 867 4691 saetisve
886 4620 1067 4711 ingentibus
1085 4623 1203 4712 impar3

450 4747 542 4816 Unus
560 4753 590 4814 at
609 4766 626 4814 e
645 4766 777 4816 nurnero
795 4745 996 4835 (Magrissum
1015 4747 1140 4816 numine
1159 4745 1280 4838 dicunt)

451 4870 562 4958 Magna
582 4889 711 4938 nictans
730 4871 845 4948 aninlo,
867 4871 967 4940 secius
985 4871 1099 4939 ellatur
1118 4879 1237 4940 euntes.

413 4969 427 4998 .
1240 4985 1247 5000 .
