3406 5378
674 461 766 507 ldltllu
786 461 918 508 DECIMUS

714 717 880 779 cxxxvlll

302 980 350 1049 Eu
369 979 425 1048 tibi
444 999 477 1048 se
496 978 604 1048 muudi
623 991 730 1069 partes
749 979 885 1070 lugentis
902 979 988 1048 ane

303 1103 490 1183 Ostenduut,
510 1104 629 1173 clausas
648 1124 727 1194 quas
745 1124 801 1173 uos
818 1104 912 1173 modo
931 1103 1064 1194 panditis
1082 1104 1161 1184 orbi,

302 1228 386 1297 Invia
404 1237 558 1298 tentantes
577 1229 655 1298 rasti
675 1231 771 1296 maris
790 1231 866 1298 ostia
884 1229 974 1308 uelis,

302 1351 341 1420 Et
359 1351 497 1420 tumidos
516 1352 587 1422 lorti
606 1352 760 1421 sulcantes
777 1361 905 1442 pectore
925 1353 1049 1421 lluctus.

303 1475 363 1545 Sed
380 1476 469 1546 robis
487 1476 547 1545 lroc
566 1484 662 1546 restat
681 1477 792 1555 adhuc,
814 1484 848 1544 ut
867 1476 972 1546 nobile
990 1484 1102 1545 nautae

302 1597 454 1670 Occiduas
472 1600 592 1669 lacinus
610 1600 670 1669 lusi
688 1601 820 1668 rideatis
840 1601 877 1668 ad
897 1620 978 1680 oras

301 1723 427 1815 Impulit
446 1746 463 1793 a
480 1727 609 1815 proprio
628 1745 723 1816 quem
742 1725 820 1794 lacta
839 1723 953 1814 injuria
971 1745 1046 1816 rege

301 1847 350 1918 lre
367 1851 460 1930 viarm,
481 1869 573 1920 nemo
592 1870 686 1940 quam
704 1858 832 1920 noverat
851 1857 931 1930 aute,
952 1870 1009 1941 per
1026 1849 1136 1919 undas.

722 2207 864 2270 cxxxlx

246 2503 252 2512 ·
301 2469 383 2538 Haec
405 2466 564 2562 (eernlst)
583 2469 679 2559 longo
698 2471 793 2558 tellus
809 2471 984 2538 vastissima
1005 2478 1105 2539 tractu

300 2592 397 2662 Arcto
416 2592 489 2663 iude
507 2614 525 2662 a
544 2593 648 2683 gelido
666 2592 706 2661 ad
725 2593 860 2663 calidum
880 2592 1079 2683 portenditur
1094 2592 1261 2662 Austrum:

299 2717 385 2786 Hauc
404 2715 561 2785 celebrem
581 2716 692 2786 lacieut
711 2717 848 2786 rutilanti
868 2716 947 2785 loeta
968 2716 1094 2785 metallo
1329 2707 1331 2714 ’

299 2839 438 2919 Viscera,
459 2840 543 2931 quod
562 2859 673 2932 croceo
692 2840 788 2930 lulget
808 2840 954 2930 fulvoque
973 2839 1089 2910 colore.

299 2961 449 3033 Castellae
467 2963 544 3033 haec
561 2963 651 3033 vobis
669 2965 771 3033 sociae
789 2984 883 3044 nuuc,
903 2963 1027 3033 subdita
1047 2964 1214 3054 quondam,

299 3089 372 3158 Post
389 3109 510 3179 pugnas
529 3088 706 3178 cladesque,
727 3089 811 3159 dabit
829 3109 884 3158 sua
903 3089 982 3158 colla
1001 3090 1133 3158 catenis:

299 3211 402 3281 Divisa
421 3220 468 3281 est
487 3215 586 3302 regio,
606 3213 764 3302 variisque
782 3210 918 3281 habitata
937 3212 1065 3293 colonis,

299 3335 469 3406 Sacrorum
487 3338 583 3417 vario,
604 3337 692 3405 vario
711 3337 891 3407 discrimine
909 3357 1046 3406 morum.

757 3696 830 3758 cxl,

296 3958 354 4026 llis
373 3968 476 4027 tameu
495 3958 631 4028 extendit
651 3958 808 4048 gremium
827 3977 906 4046 quac
925 3957 1017 4026 latius
1036 3959 1102 4026 oris

295 4081 372 4151 Pars
388 4101 443 4151 vos
461 4090 548 4151 certa
566 4089 672 4150 manet
692 4081 775 4170 liguo
794 4080 874 4150 berre
893 4081 1017 4168 cognita
1035 4080 1152 4150 rubro:

295 4205 427 4274 Sanctae
446 4225 501 4276 vos
520 4205 631 4275 Crucis
649 4205 730 4274 hanc
748 4213 865 4274 terram
884 4204 1008 4274 dicetis:
1029 4205 1067 4274 ad
1086 4204 1172 4273 illam

294 4329 440 4421 Appellat
458 4331 574 4410 classis,
595 4351 675 4422 quae
694 4332 795 4421 prima
813 4330 890 4400 haec
908 4348 1043 4418 aequora
1061 4339 1182 4420 tanget:

293 4454 405 4525 Audax
422 4456 473 4525 hic
490 4458 586 4526 vestri
607 4459 775 4547 spatiosam
794 4457 905 4525 littoris
923 4473 1013 4524 oram

294 4579 467 4670 Explorare
485 4581 580 4662 volet,
602 4585 663 4670 qud
681 4581 804 4671 lougius
822 4581 874 4649 illa
893 4577 1029 4660 recedet,

293 4704 497 4793 Magallauus‚
518 4704 578 4772 erit
598 4705 652 4793 qui
670 4704 750 4774 lacto
769 4714 801 4773 et
820 4704 933 4774 robore
951 4703 1064 4783 Lusus,

294 4829 356 4898 Sed
375 4849 438 4898 uou
456 4828 524 4898 lusa
542 4829 620 4900 tides
639 4839 782 4901 coustaus
801 4830 931 4921 lulgebit
950 4831 981 4899 iu
1002 4831 1065 4899 illo.
