3384 5370
896 333 1049 379 t.t‘st.ttt.ttl

902 557 1032 649 'xxxix

477 855 603 923 Scilicet
623 833 693 942 igne
711 873 792 921 novo
811 871 889 940 gens
908 851 975 920 lusa
993 852 1120 920 incensa
1139 851 1280 942 pudoris,

477 979 579 1062 Quam
598 976 760 1046 stimulant
779 995 882 1046 sermo
902 975 982 1054 talis,
1004 975 1189 1065 decorisque
1208 975 1331 1065 cupide,

477 1101 616 1172 Bellandi
635 1103 752 1170 exarsit
771 1101 895 1178 studiis,
916 1119 949 1169 se
969 1101 1103 1190 quisque
1121 1100 1262 1189 priorem

476 1228 554 1296 Esse
573 1229 677 1316 cupit;
698 1225 836 1316 bellique
855 1227 957 1295 alacer
975 1225 1155 1296 discrimina
1174 1228 1297 1306 temnit,

476 1350 628 1420 Provocat
647 1360 679 1419 et
697 1359 851 1420 mortem:
872 1349 1019 1444 subeunt,
1039 1350 1226 1440 instantque,
1246 1350 1362 1420 luroris

370 1493 376 1504 ·
477 1473 616 1543 Flamma
635 1475 720 1542 acuit
738 1473 869 1552 lerrum,
890 1473 1011 1542 lodiunt
1029 1474 1119 1563 prius
1138 1493 1234 1552 arma,
1255 1494 1312 1562 per
1331 1493 1416 1542 arma

477 1597 549 1666 Mox
568 1596 687 1666 lodirmt
705 1605 831 1687 pectus;
854 1598 1014 1686 patiuntur
1033 1597 1163 1666 vulnera
1182 1607 1213 1666 et
1232 1598 1340 1669 edunt,

477 1721 542 1791 Nec
562 1723 648 1811 piget
669 1721 837 1791 indomitos
856 1723 1024 1810 pupnando
1042 1721 1176 1811 perdere
1197 1723 1302 1790 sitam.

950 2081 1000 2140 xt

479 2343 675 2424 Innumeros,
695 2363 832 2433 qnorum
850 2343 994 2433 pervadit
1013 2345 1131 2412 uiscera
1150 2344 1281 2422 lerrum,

478 2467 589 2536 Visere
608 2476 682 2536 tunc
700 2470 816 2558 stygias
834 2467 934 2537 undas
953 2477 984 2537 et
1002 2467 1130 2536 Tartara
1150 2475 1281 2557 cogunt:

479 2590 589 2660 Clarus
609 2590 827 2681 lacobijubar
845 2592 973 2663 Ordinis
992 2592 1044 2661 ille
1062 2593 1212 2682 magister

479 2715 658 2796 Occumbit,
678 2715 783 2784 nullus
803 2735 865 2805 qno
884 2715 996 2785 lortius
1015 2716 1118 2785 intulit
1136 2736 1240 2785 arma:

349 2817 353 2824 ¹
378 2915 382 2922 ,
478 2839 533 2910 llle
551 2839 740 2922 Calatravae,
764 2842 921 2909 cumulata
940 2841 1043 2922 caede,
1065 2841 1214 2930 magister

478 2962 614 3044 Occidit;
636 2974 668 3032 et
686 2964 815 3054 propria
829 2965 894 3055 J'am
913 2964 1042 3034 demum
1061 2964 1156 3034 caede
1173 2974 1340 3034 cruentus:

479 3088 525 3156 Illi
545 3089 648 3168 etiam,
670 3089 789 3178 patriae
809 3089 862 3178 qui
882 3089 976 3158 corda
996 3088 1100 3167 infida,
1121 3089 1266 3158 Pereirae

479 3214 703 3293 Procumbunt,
723 3216 815 3283 astris
833 3235 868 3282 ac
888 3214 957 3283 latis
975 3214 1043 3282 dira
1063 3223 1237 3302 precantes.

947 3571 1009 3637 xtt

480 3834 545 3904 Nec
563 3835 668 3903 minus
687 3835 839 3924 ignotum,
860 3834 1024 3913 miserum,
1044 3834 1110 3903 sine
1129 3835 1254 3904 nomine
1272 3836 1397 3925 vulgus,

479 3961 612 4031 Mirtum
631 3959 789 4030 nobilibus
807 3959 968 4029 descendit
988 3959 1025 4028 ad
1044 3959 1151 4029 intima
1170 3960 1282 4030 turmis

479 4087 586 4175 Regna
604 4085 713 4164 Erebi,
734 4085 850 4153 latrans
867 4084 922 4153 ubi
941 4083 1099 4153 Cerberus
1117 4104 1173 4153 ore
1192 4084 1326 4164 trilauci,

480 4210 655 4280 Aeterncun
673 4209 851 4278 stimulante
870 4208 962 4288 lame,
982 4209 1087 4298 gravis
1104 4209 1220 4278 involat
1238 4207 1382 4278 umbras:

481 4335 612 4424 Quoque
631 4333 730 4422 magis
748 4341 843 4422 ponat
862 4341 1029 4421 conceptos
1044 4329 1149 4402 vblartc
1168 4331 1293 4402 furores

396 4437 401 4448 ⁸
481 4459 599 4536 Hostis,
620 4465 650 4526 et
668 4455 792 4545 abjiciat
811 4465 938 4526 ventosa
958 4457 1106 4546 superbia
1125 4457 1231 4537 fastus

481 4581 573 4668 Quod
591 4580 801 4651 Castellanum
821 4581 968 4670 surgebat
987 4582 1108 4650 in'aera
1129 4582 1265 4671 signium,

481 4705 614 4784 llccidit,
634 4714 664 4773 et
683 4705 756 4773 Lusi
777 4705 881 4774 rexilli
900 4713 1063 4774 stemmata
1083 4706 1203 4775 adorat.
