3384 5372
938 473 1091 522 tttstnutt:

987 732 1041 794 XV

521 991 641 1062 Cuncta
660 990 704 1061 illi
722 991 852 1062 dederat
869 991 1046 1064 Mensaidae
1063 1012 1139 1062 cura
1156 993 1258 1062 fidelis

519 1113 690 1206 dspertare
708 1115 847 1197 demum,
869 1116 1018 1186 comitem
1036 1136 1132 1207 quem
1150 1115 1266 1186 ducere
1284 1116 1383 1186 Gema

438 1259 443 1268 ·
517 1240 595 1310 Vult
612 1259 731 1320 secum,
750 1240 873 1308 meritis
891 1239 1032 1336 dignum,
1053 1240 1194 1331 coelique
1212 1241 1329 1310 lavore.

517 1363 605 1456 (Post
622 1364 719 1434 sacris
737 1363 889 1433 lustratur
907 1365 1008 1454 aquis,
1028 1363 1156 1455 oditque
1174 1363 1364 1456 llahcmam)

518 1489 545 1559 0
564 1491 756 1560 fortunatum
773 1489 899 1560 coelesti
918 1509 1051 1560 munere
1070 1509 1228 1570 maurum,

518 1615 579 1699 Qui
598 1633 708 1684 caecus
726 1614 862 1703 pridem,
881 1613 1015 1684 Domino
1034 1615 1166 1704 pellente
1184 1613 1341 1696 tenebras,

517 1735 603 1807 Luce
621 1736 683 1807 irui
701 1738 813 1828 potuit,
833 1738 1016 1829 patriaeque
1035 1747 1177 1808 remotus
1195 1737 1234 1808 ab
1252 1739 1327 1818 cris,

518 1860 567 1931 td
585 1863 703 1952 patrias
720 1862 823 1952 potuit
840 1881 930 1932 veras
948 1862 1117 1932 ascendere
1137 1861 1241 1932 sedest

978 2221 1043 2284 xvl

516 2485 649 2576 lamque
667 2484 744 2554 aden
763 2484 884 2554 ardenti
903 2483 1010 2553 felices
1028 2484 1134 2554 littore
1151 2503 1257 2564 naves,

516 2609 656 2679 Flatibus
673 2609 838 2699 impulsae,
858 2617 1029 2699 properant
1046 2607 1209 2678 advertere
1227 2625 1355 2697 proram
1411 2687 1413 2690 ¹

516 2733 588 2816 Qun
605 2733 690 2804 Bona
709 2733 800 2824 Spes,
820 2752 926 2824 rupes,
947 2732 1048 2803 lausto
1067 2732 1112 2802 sic
1131 2715 1259 2802 nomine
1275 2730 1370 2810 dicta,

515 2857 549 2926 ln
567 2877 655 2926 mare
674 2875 874 2947 procurrens,
895 2857 1040 2927 australis
1057 2865 1141 2926 meta
1157 2857 1299 2946 patescit.

514 2982 630 3052 Nuntia
648 2982 728 3051 laeta
745 2982 850 3051 lerunt
869 2982 997 3052 orientis
1015 2982 1097 3051 Solis
1113 2981 1153 3051 ab
1171 2983 1247 3062 cris,

515 3107 633 3175 Littera
651 3125 721 3175 cara
740 3106 799 3175 sibi
819 3113 974 3197 repetunt,
995 3106 1131 3177 clamore
1149 3103 1300 3186 secundo,

515 3228 634 3298 Oceani
653 3229 761 3308 durias,
781 3237 902 3310 uentus,
923 3239 1070 3319 utrasque
1088 3229 1274 3319 procellas·

515 3353 674 3444 Spemque
692 3363 874 3444 metumque
893 3354 984 3434 inter,
1005 3375 1116 3423 rursus
1134 3373 1284 3445 superare
1304 3353 1416 3444 parati.

970 3715 1048 3776 llllll

515 3976 618 4060 Quam
635 3975 717 4066 parit
735 3975 767 4044 in
785 3995 890 4044 caram
909 3976 1050 4065 patriam,
1071 3975 1243 4065 dulcesque
1261 3984 1390 4066 penates

514 4101 678 4171 Laetitiam
697 4099 817 4170 reditus
831 4099 896 4189 jam
915 4099 1057 4190 quisquis
1074 4101 1228 4189 praecipit
1235 4123 1243 4183 ;
1265 4101 1338 4171 inde

514 4225 612 4294 Dulce
630 4224 697 4293 lere
714 4223 862 4302 occurrit,
882 4231 972 4292 natos
990 4222 1161 4314 dulcesque
1178 4224 1372 4314 propinques

514 4349 668 4440 Amplecti
687 4367 809 4428 rursus,
829 4356 899 4438 pest
917 4357 963 4418 tut
980 4347 1162 4418 discrimina
1180 4369 1300 4430 rerum,

513 4474 722 4564 inventasque
739 4471 857 4562 plagas,
877 4479 1007 4552 tractus,
1027 4479 1198 4563 gentesque
1216 4465 1352 4544 remotas

513 4599 709 4668 Enumerare
728 4596 802 4665 suis.
822 4595 899 4665 Tam
917 4596 1011 4686 lunge
1028 4605 1118 4686 parta
1136 4595 1245 4666 labere

513 4721 656 4792 Praemia
674 4739 755 4811 quae
772 4729 899 4810 sperant
916 4727 1002 4790 tanta
1020 4728 1067 4791 est
1085 4741 1214 4812 sperare
1232 4721 1385 4813 voluptas,

513 4848 558 4920 Ut
575 4849 626 4914 vix
645 4854 713 4914 tum
732 4845 833 4934 capiat
852 4853 915 4914 tam
935 4845 1062 4934 grandia
1082 4846 1194 4935 gaudia
1212 4855 1333 4936 pectus¹
