3440 5392
923 418 1076 464 testante

960 676 1036 738 XLV

499 939 587 1029 Ergo
604 940 631 1009 si
649 938 806 1028 quondam
824 940 927 1028 potuit
946 938 1096 1010 facundus
1113 939 1244 1030 Ulysses

502 1063 608 1133 Vitare
626 1061 739 1153 Ogygii
757 1061 877 1131 fallacia
896 1063 1021 1133 vinnula
1039 1074 1164 1153 portns;

501 1186 703 1277 Antenerque
721 1206 831 1276 vagus,
852 1186 1020 1277 longinqua
1038 1208 1095 1278 per
1115 1208 1249 1278 aequora
1269 1197 1387 1270 rectus,

501 1309 638 1401 Illyricos
656 1319 822 1400 penetrare
841 1310 938 1390 sinus
960 1311 1140 1403 fontemque
1161 1312 1297 1394 Timavi;

501 1434 535 1503 Si
555 1435 626 1524 pius
643 1433 766 1503 Aeneas
785 1433 921 1504 siculurn
939 1435 1060 1505 sulcare
1078 1435 1280 1525 profundum,

501 1559 582 1629 Hine
601 1559 656 1630 uhi
675 1559 777 1650 Scylla
795 1559 896 1642 ferox,
916 1570 1006 1630 atrox
1023 1560 1098 1629 furit
1116 1561 1189 1630 inde
1208 1559 1376 1652 Carybdis;

502 1683 671 1754 Audebunt
688 1684 807 1774 majera
825 1685 883 1766 tui,
904 1685 1084 1775 mundoque
1102 1693 1231 1768 retecto,

503 1809 676 1879 Ostendent
694 1810 770 1881 alins
788 1819 883 1901 atque
901 1811 1016 1880 addent
1032 1809 1164 1881 orbibus
1182 1810 1284 1882 orbes.

953 2168 1042 2230 XLVI

502 2429 613 2500 Aerias
631 2451 731 2512 arees,
752 2432 926 2522 turritaque
944 2432 1077 2513 moenia,
1097 2439 1128 2501 et
1145 2431 1242 2502 urbes

503 2556 625 2626 Hnrurn
643 2576 739 2646 opera
756 2557 833 2626 coeli
853 2565 1014 2647 tangentes
1031 2557 1133 2626 sidera
1152 2577 1276 2628 cernes:

503 2681 636 2771 Agmina
654 2681 713 2750 suh
731 2680 866 2771 pedibus
883 2681 1057 2751 hardenum
1074 2682 1156 2751 vieta
1169 2683 1273 2772 jaeere
1367 2693 1368 2696 ’

503 2803 674 2895 Adspicies
696 2813 790 2895 atque
808 2825 863 2875 ore
882 2805 983 2874 solum
1002 2806 1148 2875 mordere
1166 2815 1310 2874 eruente:

504 2928 696 3011 Quinetiam
715 2930 822 3019 plures
839 2929 1014 2999 diademata
1032 2929 1167 2999 subdere
1186 2929 1300 3018 plantis

503 3052 586 3122 Eoos
602 3054 717 3143 Reges
737 3053 856 3144 dejecta
875 3053 986 3134 fronte,
1008 3053 1139 3134 videbis,

503 3176 701 3269 lrnperinque
719 3177 823 3260 Asiae,
843 3178 966 3249 devicto
985 3178 1124 3258 Oriente,
1145 3181 1251 3270 potiri,

503 3300 577 3370 Jura
595 3301 680 3383 dare,
701 3311 731 3372 et
749 3321 853 3371 sacras
870 3302 997 3393 populis
1015 3302 1152 3372 indicere
1169 3303 1266 3392 leges

944 3659 1048 3723 xevn

503 3923 564 4008 Qui
584 3924 678 3994 modo
694 3923 794 3994 veloci
813 3933 945 4014 pentum
964 3934 1032 3993 rate
1050 3924 1160 4004 sulcat,
1180 3932 1211 3993 et
1228 3924 1341 3995 Indurn

503 4049 659 4119 Incertum
677 4049 792 4118 dubius
809 4069 868 4138 per
886 4049 971 4118 mille
988 4049 1125 4139 pericula
1144 4050 1277 4140 quaerit,

502 4173 593 4244 Illum
612 4173 775 4264 Neptunus
793 4172 925 4262 pavidus
943 4182 1067 4254 tremet,
1088 4193 1223 4264 aequora
1242 4182 1346 4242 terror

503 4297 677 4377 Concutiet,
696 4297 801 4366 nullus
821 4298 937 4388 erispet
955 4319 1054 4388 quum
1071 4317 1227 4368 marmora
1246 4306 1370 4368 ventus.

501 4422 580 4493 Mira
599 4421 688 4503 fides,
708 4443 759 4492 res
777 4432 849 4492 ante
867 4423 975 4504 ocules
992 4443 1055 4492 non
1073 4425 1148 4504 risa,
1169 4423 1361 4513 profundum

502 4547 551 4617 lre
569 4557 718 4627 tremens,
738 4547 862 4639 quando
879 4549 1031 4638 languens
1050 4549 1115 4638 agit
1134 4548 1195 4617 otia
1214 4547 1342 4618 ductus!

501 4672 610 4742 Martia
629 4691 718 4760 gens
737 4672 832 4741 animi
852 4692 1014 4762 generosa,
1035 4681 1128 4762 atque
1146 4672 1259 4762 inclyta
1276 4673 1370 4753 helle,

502 4798 602 4880 Quam
620 4794 790 4885 pollentem
808 4799 904 4867 armis
922 4799 971 4867 ret
989 4807 1073 4867 rnutn
1093 4797 1245 4868 elementa
1265 4799 1463 4869 tremiscunt!
