3384 5372
572 461 663 509 LIBER
682 459 831 512 summus

203 982 271 1054 Nee
289 980 453 1054 celebrare
471 983 564 1064 meis
582 979 756 1075 Nymphae,
776 1001 828 1054 me
847 982 967 1054 credite
986 984 1067 1054 velle

203 1105 406 1178 Carminibus
426 1107 531 1190 vilem,
551 1109 700 1198 propriae
720 1105 773 1198 qui
793 1107 959 1178 commoda
978 1110 1061 1179 vitae

201 1212 371 1323 Praepnnit
388 1233 577 1324 patriaeque
595 1232 697 1314 benis,
718 1233 867 1324 regisque
889 1233 993 1315 saluti,

201 1356 243 1426 Et
262 1356 351 1448 leges
369 1356 533 1428 homiuum
552 1365 584 1428 et
602 1375 710 1428 sacras
729 1359 909 1449 perrumpit
927 1357 1071 1448 iniquus;

201 1481 268 1554 Nee
286 1482 416 1554 laudare
435 1483 550 1566 vimm,
571 1483 713 1554 stimulat
731 1503 826 1574 quem
845 1483 913 1554 dira
931 1481 1040 1566 libide,

201 1605 407 1698 Ambitinque
426 1609 507 1699 rapit
525 1607 649 1700 fastigia
669 1627 794 1679 summa
813 1606 956 1700 petendi3

200 1733 333 1804 Munera
353 1733 406 1825 qui
426 1735 561 1826 quaerit,
581 1733 716 1806 sublime
735 1743 766 1804 et
785 1735 912 1806 culmen
930 1734 1097 1816 honorum,

200 1858 334 1951 Largius
352 1867 388 1929 ut
405 1831 542 1952 propriis
559 1859 645 1930 uitiis
664 1859 805 1931 effimdat
822 1859 971 1931 habenas.

629 2219 762 2284 LXXXV

198 2482 268 2554 Nnn
286 2483 375 2554 iilum
394 2485 465 2553 data
483 2484 533 2554 cui
551 2504 661 2554 rerum
679 2483 737 2555 iuit
755 2484 859 2575 ampla
878 2492 1029 2576 potestas,

198 2600 301 2694 Quam
319 2617 425 2679 tamen
444 2609 579 2700 indignis
597 2609 708 2680 studiis
727 2611 846 2679 servire
865 2609 969 2700 coegit
975 2634 983 2692 ;

198 2734 273 2816 Nee,
293 2734 379 2825 vulgi
398 2736 535 2804 errantis
553 2755 667 2805 vanam
686 2735 741 2825 qui
761 2743 865 2825 captet
883 2743 919 2804 ut
938 2755 1059 2816 auram,

197 2857 264 2930 Ceu
282 2859 427 2941 Proteus,
447 2861 549 2931 varias
569 2861 725 2931 assuescit
746 2879 872 2930 sumere
892 2860 1022 2930 termas.

197 2985 263 3056 Nee
280 3007 409 3056 rursum
428 2986 539 3057 subeat
557 3009 612 3058 vos
631 2987 768 3058 earmina
786 2997 904 3068 nestra,
924 2979 1111 3068 Campanae,

152 3079 159 3099 ’
196 3109 379 3181 Laudatura
397 3111 487 3181 illum
506 3112 560 3202 qui
578 3122 664 3182 veste
685 3113 830 3184 obtectus
850 3112 993 3193 honesta,

195 3235 240 3307 Ut
258 3236 382 3327 placeat
401 3237 469 3328 regi
488 3239 544 3328 qui
562 3259 664 3328 nuper
683 3246 810 3329 sceptra
830 3237 961 3328 recepit,

195 3359 298 3432 Vexat
316 3361 402 3433 mille
420 3363 535 3472 modis,
555 3365 655 3434 saneti
675 3364 734 3434 sub
753 3363 899 3456 imagine,
919 3365 1015 3434 cives,

593 3746 596 3758 ¹
624 3723 769 3788 LXXXVI

745 3931 757 3956 .

194 3987 258 4059 Nee
278 3985 364 4077 regis
385 3985 438 4077 qui
454 3985 527 4077 jura
545 3997 654 4058 monet
672 3989 829 4058 servanda
848 4006 991 4068 severus

192 4111 293 4202 quue
312 4122 426 4194 ratum,
443 4111 624 4204 justamque
643 4121 742 4203 putat,
762 4112 916 4203 punitque
936 4119 1103 4193 nocentes;

192 4237 260 4309 Nec
275 4236 328 4328 jus
347 4257 419 4308 esse
437 4247 527 4329 putat
545 4259 681 4320 sacrum,
700 4258 759 4308 nee
775 4237 896 4328 judicat
915 4257 1054 4327 aequum

193 4361 326 4433 Sudanti
344 4363 492 4433 meritam
510 4365 697 4433 mercedem
716 4363 838 4433 snivere
859 4381 964 4432 serre.

190 4486 258 4559 Nee
275 4489 330 4580 qui
349 4489 461 4560 fucatis
479 4509 607 4581 semper
626 4489 801 4560 rationibus
819 4509 907 4571 usus,

191 4611 419 4705 Expertusque
437 4636 562 4706 parum,
580 4615 714 4685 nimium
732 4614 791 4685 sibi
809 4613 897 4696 usus,
917 4594 1010 4684 arara

192 4738 387 4830 Hamataique
407 4761 513 4824 manu,
534 4762 616 4831 quae
635 4739 776 4831 praemia
796 4738 893 4844 iligna
910 4739 1013 4810 labori

190 4861 357 4937 Debentur
375 4866 499 4950 minuit,
519 4875 651 4959 torpens
671 4877 704 4938 et
722 4865 840 4937 inutilis
854 4865 933 4958 ipse.
