3384 5372
562 437 650 504 urere
669 457 809 506 oeruvos

621 713 734 777 XLVIII

188 976 249 1060 Qui
268 977 313 1046 sie
331 975 515 1066 alloquitur:
537 975 622 1045 Gens
640 996 659 1045 o
677 975 754 1045 milri
772 976 874 1057 chere,
896 977 1014 1067 periclo

188 1100 286 1190 Eripe
304 1102 346 1180 le,
367 1109 471 1170 eertus
490 1099 575 1191 quod
590 1099 656 1190 jem
673 1099 730 1169 tibi
749 1109 913 1191 praeparet
932 1101 1041 1182 hostis,

188 1225 318 1314 Aequor
336 1226 391 1315 qui
410 1225 530 1296 ratibus
549 1233 613 1294 tem
631 1233 755 1295 vastum
774 1227 886 1318 trajicit
904 1227 1016 1308 audax,

189 1349 312 1420 Obruat
330 1349 467 1420 infensae
485 1369 526 1420 ue
544 1359 576 1419 te
594 1350 641 1420 vis
659 1349 802 1440 improba
820 1351 932 1441 gentis.

188 1473 354 1565 Carpeutis
372 1495 519 1545 somnum
537 1495 597 1545 vor
617 1475 685 1546 talis
705 1475 850 1546 verberet
868 1497 976 1546 aures:

188 1602 303 1678 Lenaei
323 1601 595 1672 maurus-vultum
615 1621 789 1692 vocemque
807 1603 975 1684 tremiscit;

187 1726 347 1816 Evigilans
365 1733 470 1796 eutem
490 1727 571 1796 ridet
591 1726 756 1810 simulacre
775 1728 909 1818 soporis'

188 1849 277 1934 Quae
296 1849 406 1930 eredit,
425 1850 611 1941 placidoque
630 1851 747 1922 iterum
764 1851 816 1922 det
833 1851 950 1922 lumina
969 1871 1087 1922 somno.

639 2209 730 2272 XLIX

189 2471 253 2541 Sed
271 2470 412 2541 Bocchus
430 2491 540 2541 rursus
557 2473 699 2540 veniens:
720 2470 789 2540 Tibi
808 2479 880 2540 nota
898 2471 1051 2561 magistri,

189 2595 254 2674 Sic,
275 2597 386 2682 inquit,
406 2594 510 2677 facies,
531 2596 585 2686 qui
603 2604 708 2664 saneta
726 2594 795 2683 lege
813 2603 958 2683 parentes

188 2720 312 2789 institui
330 2728 450 2790 vestros
468 2721 617 2800 clemens,
637 2718 820 2788 lustralibus
837 2717 940 2800 undis,

188 2846 258 2928 Qua
275 2845 351 2925 siue,
371 2843 519 2933 baptismi
538 2849 680 2913 vestrum
699 2863 772 2933 pers
789 2845 883 2912 tincta
902 2843 1031 2914 luisset?

187 2969 237 3038 En
255 2988 314 3058 ego
333 2976 363 3038 te
381 2977 512 3059 propter
529 2968 634 3057 vigilo,
656 2967 743 3036 rudis
761 2968 828 3056 ipse
847 2967 951 3056 sopori

187 3093 349 3184 Indulges:
371 3102 400 3164 te
419 3095 499 3163 seire
518 3092 618 3174 decet,
638 3093 693 3182 qui
712 3093 809 3162 classe
827 3093 946 3161 receuti

188 3217 365 3298 Advenere
385 3220 464 3287 meis
483 3225 604 3308 pestem
623 3217 689 3287 lore
706 3215 839 3306 legibus,
859 3217 935 3286 olim

189 3343 286 3426 Queis
304 3343 371 3433 ipse
389 3342 490 3413 erudii
509 3341 689 3412 demersum
708 3339 870 3412 erroribus
888 3339 1009 3410 orbem.

672 3701 695 3762 L

190 3965 274 4034 Dum
294 3973 405 4034 tenues
423 3972 495 4034 sunt
514 3965 616 4052 gentis
634 3981 720 4052 oper,
742 3961 927 4050 infirmaque
944 3963 1055 4040 virtus,

190 4090 327 4159 Fortiter
346 4089 473 4169 obsiste,
493 4089 576 4157 ultra
594 4109 634 4158 ne
652 4085 823 4178 procedere
841 4086 952 4175 possit:

189 4214 270 4283 Nam
290 4233 388 4303 quum
407 4212 453 4283 sol
471 4213 584 4294 oritur,
604 4211 684 4282 Iaoili
704 4231 737 4280 se
756 4211 827 4279 luoe
845 4209 997 4282 tuendum

189 4336 335 4418 Exhibet
357 4345 388 4406 et
407 4337 478 4405 visu
496 4337 580 4426 tangi
600 4336 754 4426 permittit
773 4341 879 4416 aeut03

189 4460 310 4531 Verum
328 4461 384 4530 ubi
403 4481 437 4530 se
455 4461 539 4530 olere
557 4459 725 4530 ferventior
744 4458 836 4548 erigit
853 4456 942 4536 orbe,

188 4585 312 4656 Evadet
331 4605 441 4656 caecus
460 4586 514 4677 qui
533 4585 652 4654 lumina
671 4583 768 4674 figere
786 4591 886 4653 tentet

190 4712 327 4802 Fulgore
345 4712 378 4781 io
397 4720 493 4780 tento.
505 4711 570 4782 Vos
589 4685 829 4781 vellite‘semirta
850 4709 973 4799 plantae

190 4836 277 4921 Quae
296 4837 358 4906 oito
378 4836 499 4907 radices
517 4843 599 4927 eget,
621 4845 714 4925 atque
733 4834 863 4904 immota
881 4832 1014 4904 resistet.

263 4951 289 4991 20
