3384 5370
598 440 686 486 bttttltt
705 441 835 486 rntt'rns

693 697 738 758 Cli

220 958 398 1048 ingreditur
416 959 533 1048 patrios
552 957 761 1048 pulcherrima
780 967 852 1027 nata
871 955 1010 1048 p'orrates,

220 1083 277 1152 Cui
296 1084 412 1152 biariae
431 1104 558 1164 nomen,
578 1083 667 1152 ruttu
686 1085 841 1152 retinente
860 1083 1006 1152 decorem

221 1208 268 1277 brt
288 1210 437 1298 speeiem,
458 1210 584 1278 excluso
603 1209 657 1278 sed
677 1210 765 1298 signa
785 1209 816 1276 in
836 1209 934 1278 tristia
954 1210 1030 1278 risu.

221 1333 389 1404 Undabant
408 1333 556 1422 lacrymis
576 1332 770 1424 splendentia
788 1332 918 1413 lumina,
939 1333 1042 1402 crines

221 1455 406 1526 Ambrosios
425 1477 549 1546 sparsos
567 1477 625 1548 per
643 1456 781 1526 eburneo
802 1456 879 1526 oolla
898 1457 1037 1547 gerebat,

222 1579 342 1670 Perque
361 1580 524 1661 bumeros;
546 1600 676 1671 superos
695 1559 787 1650 tocies
807 1580 961 1650 roterebat
979 1581 1128 1650 honores:

144 1711 149 1721 '
222 1705 332 1775 Natam
353 1705 442 1774 bilari
463 1706 551 1774 ruttu
570 1713 659 1794 pater
677 1704 803 1794 excipit,
825 1704 876 1774 illa
896 1713 1059 1794 parentem

222 1829 275 1899 Sie
294 1837 396 1920 rogan
417 1838 448 1898 et
467 1829 620 1918 lacrymas
638 1828 734 1898 rerba
754 1829 836 1898 inter
854 1829 925 1898 tatia
943 1828 1060 1902 tundit:

687 2187 743 2250 ebt

222 2450 327 2521 Africa
347 2461 422 2540 quot
441 2453 584 2542 populos,
605 2453 691 2541 regio
712 2459 788 2540 quot
806 2452 919 2541 punica
939 2461 1047 2540 gentes

221 2576 352 2658 Extulit,
372 2586 403 2646 et
421 2578 491 2646 visu
509 2576 690 2658 horribiles
711 2563 746 2646 et
761 2576 860 2646 Marte
879 2576 1007 2657 feroces

222 2701 387 2771 Marroobii
405 2693 462 2770 ren
480 2721 614 2792 magnus
631 2702 706 2792 agit,
724 2701 905 2790 junctisque
924 2701 1059 2790 potentis

224 2825 351 2896 Viribus
369 2826 506 2916 imperii,
526 2825 643 2896 nostris
660 2826 744 2896 ierus
762 2825 907 2894 imminet
926 2825 1019 2894 arvis.

222 2949 290 3019 Non
308 2971 459 3038 unquam,
480 2959 580 3020 terras
599 2971 638 3020 en
657 2970 719 3040 quo
737 2969 825 3018 mare
844 2959 984 3039 permeat
1001 2947 1104 3028 undis,

222 3074 293 3144 Visa
312 3073 425 3165 opibus
443 3076 538 3144 tantis
556 3095 589 3144 se
607 3095 718 3144 maura
735 3074 898 3144 offundere
916 3074 1023 3163 pestis

222 3200 338 3269 Tantus
356 3201 388 3268 in
407 3221 462 3270 ore
481 3201 579 3280 turor,
601 3200 769 3291 feritasque
788 3200 819 3268 in
838 3210 965 3290 pectore
985 3208 1067 3268 tanta
1087 3208 1145 3277 ost,

223 3325 371 3395 Transeat
391 3345 407 3393 a
428 3325 506 3394 vivis
523 3335 558 3394 ut
578 3325 615 3394 ad
635 3326 701 3415 ipsa
720 3325 868 3396 cadavera
888 3333 1001 3394 terror.

701 3685 761 3748 CIV

223 3947 287 4029 itte,
309 3958 364 4017 tuo
379 3948 480 4037 jussu,
501 3949 577 4016 mibi
597 3968 686 4017 sooro
705 3948 830 4016 toedero
846 3949 974 4036 junctus

222 4071 378 4162 Princeps
398 4080 434 4140 ut
453 4073 550 4141 solvat
570 4054 655 4141 tanta
673 4072 840 4142 tormidine
859 4092 1003 4161 regnum,

222 4194 349 4266 Viribus
368 4196 542 4288 imparibus
560 4197 663 4265 valido
682 4217 750 4266 sese
769 4195 874 4285 objicit
893 4196 985 4276 hosti,

220 4321 260 4389 m
278 4322 380 4391 mauri
399 4320 600 4410 durisgtadii
620 4329 712 4411 caput
731 4320 843 4390 ictibus
861 4320 968 4389 offert:

220 4445 258 4514 Ni
278 4445 341 4513 fers
358 4445 519 4524 auxilium,
541 4465 593 4513 me
612 4464 722 4534 regno,
741 4452 773 4513 et
792 4463 868 4533 rege
887 4452 1046 4512 carentem

221 4567 361 4660 Conjuge
380 4559 568 4659 conspiciam
588 4569 777 4658 viduamque
797 4569 828 4636 in
847 4566 994 4637 sordibus
1012 4567 1073 4636 alto

221 4693 363 4764 Moeroro
383 4692 594 4785 absumptam,
618 4693 775 4782 vitamque
795 4693 826 4760 in
845 4701 947 4762 morte
967 4693 1155 4774 trahentem,

222 4818 284 4887 Neo
304 4839 411 4907 regno,
434 4839 490 4888 ner
511 4839 595 4908 rego,
618 4819 708 4887 bituri
729 4839 785 4886 noo
804 4828 887 4887 sorte
908 4818 1072 4887 brientom.
