3406 5378
501 412 646 463 uorunua
664 415 696 464 m
715 416 832 466 nruuuu
851 415 1000 474 ouuuruu
1278 397 1348 470 t53

254 982 344 1054 Ultra
363 1003 491 1054 omnem
510 983 649 1075 lerrique
668 983 779 1064 aciem,
799 984 938 1076 bellique
955 984 1106 1057 laborem.

201 1191 276 1254 llaec
290 1213 340 1255 nec
350 1195 446 1277 probo,
458 1213 510 1256 nec
520 1193 586 1256 satis
596 1193 728 1275 intelligo.
740 1193 878 1277 Eqpidem
892 1207 952 1278 post
963 1197 1016 1258 ibis
1025 1216 1081 1280 qno
1091 1197 1175 1260 serbo
1184 1197 1348 1262 antecedens

137 1310 246 1354 versus
260 1291 406 1368 clauditur,
420 1293 540 1374 graviori
556 1295 643 1376 posita
658 1293 888 1375 interpunctione,
903 1294 1066 1358 scriberem:
1162 1383 1166 1390 ,

253 1492 363 1564 Nullae
382 1503 412 1564 te
430 1492 577 1585 frangent
594 1514 730 1586 pugnae,
751 1493 893 1586 nullique
911 1495 1044 1567 labores.

683 1834 802 1900 cxxv
935 1815 947 1848 “

184 1999 188 2006 .
253 2000 316 2108 Nec
334 2035 493 2126 plorabis
513 2057 601 2108 sacro
621 2036 701 2108 ludit
720 2039 760 2108 de
778 2028 903 2129 gurgite
922 2039 1055 2132 Ganges.

196 2245 327 2308 Fortasse
341 2246 450 2329 scripsit
464 2247 594 2310 ldacedus
608 2266 663 2309 non
676 2249 789 2330 gurgite
804 2248 853 2312 sed
866 2261 986 2331 gutture.

672 2575 808 2640 LXXVI

251 2796 356 2869 Verba
376 2797 482 2880 relect,
502 2783 592 2868 sacro
611 2817 690 2889 quae
710 2797 850 2868 lluminis
868 2817 923 2868 ore
941 2800 1058 2869 vetusti

250 2921 421 3007 Audierat3
442 2927 546 2995 cuncti
565 2925 713 3016 attonitae
731 2943 812 3016 quae
830 2931 937 2994 mente
955 2932 1111 2995 uotamut.

195 3114 290 3180 bluto:

249 3316 353 3388 Verba
373 3317 470 3390 relect
489 3338 579 3388 sacro
598 3318 716 3389 llumeu
736 3339 816 3409 quae
835 3317 965 3410 protulit
982 3337 1053 3390 ore:

249 3441 451 3535 Obstupuere
468 3463 589 3524 omues
611 3444 782 3535 auditaque
800 3451 905 3516 mente
923 3442 1074 3514 volutant.

686 3782 804 3850 LXXX
885 3807 887 3812 ·

194 4001 226 4064 ln
240 4002 365 4085 quinque
376 4001 501 4084 priorum
511 4021 644 4066 versuum
658 4001 750 4064 locum
760 4001 841 4084 (inro'
849 4001 1056 4086 urpoaotttoa
1069 4003 1149 4070 metri
1163 4004 1209 4068 lex
1220 4025 1340 4071 nonser·

131 4102 233 4184 vatur)
249 4113 394 4184 sequentes
409 4099 559 4164 substituo:

247 4302 425 4374 Occurrant
444 4306 547 4375 auimo
566 4305 652 4374 saevi
670 4302 851 4374 discrimina
869 4302 956 4384 lethi,

247 4431 409 4520 Quotquot
428 4431 458 4499 iu
477 4427 609 4500 Alciden
628 4436 732 4500 mente
751 4437 798 4500 est
816 4437 1012 4500 commentus
1030 4429 1137 4521 iniqua

245 4553 453 4646 Eurystheus,
472 4555 610 4628 Nemeae
629 4555 749 4647 species
765 4555 924 4626 horrenda
942 4554 1051 4637 leonis,

246 4679 464 4772 Harpyiaeque
482 4681 673 4762 immundae,
695 4701 751 4752 sus
769 4680 1003 4772 Erymanthius,
1021 4680 1140 4771 Hydra,

248 4805 391 4898 Denique
410 4808 562 4900 pallentes
580 4809 678 4880 tristis
697 4809 865 4882 descensus
883 4808 922 4880 ad
940 4806 1081 4878 umbras.
