<?xml version="1.0" encoding="UTF-8"?>
<!DOCTYPE html PUBLIC "-//W3C//DTD XHTML 1.0 Transitional//EN"
    "http://www.w3.org/TR/xhtml1/DTD/xhtml1-transitional.dtd">
<html xmlns="http://www.w3.org/1999/xhtml" xml:lang="en" lang="en">
 <head>
  <title>
</title>
<meta http-equiv="Content-Type" content="text/html;charset=utf-8" />
  <meta name='ocr-system' content='tesseract 3.04.00' />
  <meta name='ocr-capabilities' content='ocr_page ocr_carea ocr_par ocr_line ocrx_word'/>
</head>
<body>
  <div class='ocr_page' id='page_1' title='image "./alusiadadeluizd00deslgoog_0192.png"; bbox 0 0 3384 5370; ppageno 0'>
   <div class='ocr_carea' id='block_1_1' title="bbox 580 412 960 730">
    <p class='ocr_par' dir='ltr' id='par_1_1' title="bbox 580 412 960 730">
     <span class='ocr_line' id='line_1_1' title="bbox 580 412 960 467; baseline 0 -11"><span class='ocrx_word' id='word_1_1' title='bbox 580 412 668 458; x_wconf 84' lang='lat' dir='ltr'><strong>urunu</strong></span> <span class='ocrx_word' id='word_1_2' title='bbox 686 412 828 467; x_wconf 61' lang='lat' dir='ltr'><strong>outnn&#39;rus</strong></span> <span class='ocrx_word' id='word_1_3' title='bbox 955 424 960 436; x_wconf 93' lang='lat'>·</span> 
     </span>
     <span class='ocr_line' id='line_1_2' title="bbox 659 669 747 730; baseline 0.011 -1"><span class='ocrx_word' id='word_1_4' title='bbox 659 669 747 730; x_wconf 81' lang='lat' dir='ltr'><strong>var</strong></span> 
     </span>
    </p>
   </div>
   <div class='ocr_carea' id='block_1_2' title="bbox 206 929 951 1144">
    <p class='ocr_par' dir='ltr' id='par_1_2' title="bbox 206 929 951 1144">
     <span class='ocr_line' id='line_1_3' title="bbox 206 929 911 1020; baseline 0.001 -21"><span class='ocrx_word' id='word_1_5' title='bbox 206 931 276 1020; x_wconf 89' lang='lat' dir='ltr'><strong>lpse</strong></span> <span class='ocrx_word' id='word_1_6' title='bbox 296 929 457 999; x_wconf 88' lang='lat' dir='ltr'><strong>uidebatur</strong></span> <span class='ocrx_word' id='word_1_7' title='bbox 475 931 634 1020; x_wconf 89' lang='lat' dir='ltr'><strong>praeclara</strong></span> <span class='ocrx_word' id='word_1_8' title='bbox 654 933 685 999; x_wconf 95' lang='lat' dir='ltr'><strong>in</strong></span> <span class='ocrx_word' id='word_1_9' title='bbox 704 931 764 1000; x_wconf 86' lang='lat' dir='ltr'><strong>iata</strong></span> <span class='ocrx_word' id='word_1_10' title='bbox 784 941 911 1000; x_wconf 84' lang='lat' dir='ltr'><strong>vocatus</strong></span> 
     </span>
     <span class='ocr_line' id='line_1_4' title="bbox 206 1029 951 1144; baseline -0.001 -21"><span class='ocrx_word' id='word_1_11' title='bbox 206 1054 405 1134; x_wconf 80' lang='lat' dir='ltr'><strong>Emmanuel,</strong></span> <span class='ocrx_word' id='word_1_12' title='bbox 425 1029 515 1142; x_wconf 87' lang='lat' dir='ltr'><strong>cujus</strong></span> <span class='ocrx_word' id='word_1_13' title='bbox 533 1055 653 1123; x_wconf 90' lang='lat' dir='ltr'><strong>meritis</strong></span> <span class='ocrx_word' id='word_1_14' title='bbox 671 1055 851 1144; x_wconf 82' lang='lat' dir='ltr'><strong>ingentibus</strong></span> <span class='ocrx_word' id='word_1_15' title='bbox 869 1063 951 1124; x_wconf 90' lang='lat' dir='ltr'><strong>astra</strong></span> 
     </span>
    </p>
   </div>
   <div class='ocr_carea' id='block_1_3' title="bbox 206 1175 1015 1886">
    <p class='ocr_par' dir='ltr' id='par_1_3' title="bbox 206 1175 1015 1886">
     <span class='ocr_line' id='line_1_5' title="bbox 207 1175 986 1270; baseline 0 -25"><span class='ocrx_word' id='word_1_16' title='bbox 207 1175 400 1247; x_wconf 81' lang='lat' dir='ltr'><strong>Concessere</strong></span> <span class='ocrx_word' id='word_1_17' title='bbox 417 1197 509 1267; x_wconf 92' lang='lat' dir='ltr'><strong>opus,</strong></span> <span class='ocrx_word' id='word_1_18' title='bbox 529 1177 641 1247; x_wconf 82' lang='lat' dir='ltr'><strong>excelsi</strong></span> <span class='ocrx_word' id='word_1_19' title='bbox 660 1177 746 1270; x_wconf 92' lang='lat' dir='ltr'><strong>quod</strong></span> <span class='ocrx_word' id='word_1_20' title='bbox 764 1177 901 1267; x_wconf 87' lang='lat' dir='ltr'><strong>pectoris</strong></span> <span class='ocrx_word' id='word_1_21' title='bbox 919 1177 986 1246; x_wconf 93' lang='lat' dir='ltr'><strong>orbi</strong></span> 
     </span>
     <span class='ocr_line' id='line_1_6' title="bbox 207 1273 944 1390; baseline -0.001 -20"><span class='ocrx_word' id='word_1_22' title='bbox 207 1301 350 1370; x_wconf 76' lang='lat' dir='ltr'><strong>Ostendit</strong></span> <span class='ocrx_word' id='word_1_23' title='bbox 369 1300 459 1370; x_wconf 87' lang='lat' dir='ltr'><strong>dotes</strong></span> <span class='ocrx_word' id='word_1_24' title='bbox 478 1273 558 1390; x_wconf 80' lang='lat' dir='ltr'><strong>quas</strong></span> <span class='ocrx_word' id='word_1_25' title='bbox 574 1301 654 1370; x_wconf 83' lang='lat' dir='ltr'><strong>fama</strong></span> <span class='ocrx_word' id='word_1_26' title='bbox 673 1301 776 1371; x_wconf 81' lang='lat' dir='ltr'><strong>evexit</strong></span> <span class='ocrx_word' id='word_1_27' title='bbox 795 1302 832 1371; x_wconf 92' lang='lat' dir='ltr'><strong>ad</strong></span> <span class='ocrx_word' id='word_1_28' title='bbox 851 1309 944 1372; x_wconf 89' lang='lat' dir='ltr'><strong>astra.</strong></span> 
     </span>
     <span class='ocr_line' id='line_1_7' title="bbox 206 1424 955 1515; baseline 0 -21"><span class='ocrx_word' id='word_1_29' title='bbox 206 1426 403 1505; x_wconf 81' lang='lat' dir='ltr'><strong>Emmanuel,</strong></span> <span class='ocrx_word' id='word_1_30' title='bbox 424 1426 477 1515; x_wconf 93' lang='lat' dir='ltr'><strong>qui</strong></span> <span class='ocrx_word' id='word_1_31' title='bbox 495 1424 603 1495; x_wconf 89' lang='lat' dir='ltr'><strong>Joanni</strong></span> <span class='ocrx_word' id='word_1_32' title='bbox 623 1434 815 1495; x_wconf 81' lang='lat' dir='ltr'><strong>successerat</strong></span> <span class='ocrx_word' id='word_1_33' title='bbox 832 1427 955 1504; x_wconf 82' lang='lat' dir='ltr'><strong>haeres,</strong></span> 
     </span>
     <span class='ocr_line' id='line_1_8' title="bbox 207 1548 963 1640; baseline -0.001 -23"><span class='ocrx_word' id='word_1_34' title='bbox 207 1548 365 1618; x_wconf 88' lang='lat' dir='ltr'><strong>Perficere</strong></span> <span class='ocrx_word' id='word_1_35' title='bbox 384 1549 544 1640; x_wconf 90' lang='lat' dir='ltr'><strong>incoeptos</strong></span> <span class='ocrx_word' id='word_1_36' title='bbox 563 1548 693 1620; x_wconf 80' lang='lat' dir='ltr'><strong>ardebat</strong></span> <span class='ocrx_word' id='word_1_37' title='bbox 711 1549 806 1620; x_wconf 88' lang='lat' dir='ltr'><strong>corde</strong></span> <span class='ocrx_word' id='word_1_38' title='bbox 824 1549 963 1619; x_wconf 90' lang='lat' dir='ltr'><strong>labores:</strong></span> 
     </span>
     <span class='ocr_line' id='line_1_9' title="bbox 207 1672 920 1764; baseline 0.001 -23"><span class='ocrx_word' id='word_1_39' title='bbox 207 1673 247 1741; x_wconf 89' lang='lat' dir='ltr'><strong>Et</strong></span> <span class='ocrx_word' id='word_1_40' title='bbox 265 1673 358 1742; x_wconf 84' lang='lat' dir='ltr'><strong>simul</strong></span> <span class='ocrx_word' id='word_1_41' title='bbox 377 1693 412 1742; x_wconf 91' lang='lat' dir='ltr'><strong>ac</strong></span> <span class='ocrx_word' id='word_1_42' title='bbox 430 1673 519 1762; x_wconf 90' lang='lat' dir='ltr'><strong>regni</strong></span> <span class='ocrx_word' id='word_1_43' title='bbox 537 1673 597 1742; x_wconf 90' lang='lat' dir='ltr'><strong>lusi</strong></span> <span class='ocrx_word' id='word_1_44' title='bbox 616 1674 754 1764; x_wconf 83' lang='lat' dir='ltr'><strong>suscepit</strong></span> <span class='ocrx_word' id='word_1_45' title='bbox 772 1672 920 1750; x_wconf 84' lang='lat' dir='ltr'><strong>habenas,</strong></span> 
     </span>
     <span class='ocr_line' id='line_1_10' title="bbox 207 1797 1015 1886; baseline -0.001 -22"><span class='ocrx_word' id='word_1_46' title='bbox 207 1797 350 1866; x_wconf 60' lang='lat' dir='ltr'><strong>⁴hrrrorae</strong></span> <span class='ocrx_word' id='word_1_47' title='bbox 369 1797 407 1866; x_wconf 94' lang='lat' dir='ltr'><strong>ad</strong></span> <span class='ocrx_word' id='word_1_48' title='bbox 428 1817 524 1865; x_wconf 88' lang='lat' dir='ltr'><strong>cunas</strong></span> <span class='ocrx_word' id='word_1_49' title='bbox 543 1798 644 1886; x_wconf 90' lang='lat' dir='ltr'><strong>coepit</strong></span> <span class='ocrx_word' id='word_1_50' title='bbox 664 1805 847 1866; x_wconf 88' lang='lat' dir='ltr'><strong>convertere</strong></span> <span class='ocrx_word' id='word_1_51' title='bbox 867 1805 1015 1866; x_wconf 91' lang='lat' dir='ltr'><strong>mentem.</strong></span> 
     </span>
    </p>
   </div>
   <div class='ocr_carea' id='block_1_4' title="bbox 652 2155 753 2218">
    <p class='ocr_par' dir='ltr' id='par_1_4' title="bbox 652 2155 753 2218">
     <span class='ocr_line' id='line_1_11' title="bbox 652 2155 753 2218; baseline -0.01 -2"><span class='ocrx_word' id='word_1_52' title='bbox 652 2155 753 2218; x_wconf 80' lang='lat' dir='ltr'><strong>nxvh</strong></span> 
     </span>
    </p>
   </div>
   <div class='ocr_carea' id='block_1_5' title="bbox 204 2416 1106 3252">
    <p class='ocr_par' dir='ltr' id='par_1_5' title="bbox 205 2416 1029 2630">
     <span class='ocr_line' id='line_1_12' title="bbox 208 2416 1029 2507; baseline -0.001 -21"><span class='ocrx_word' id='word_1_53' title='bbox 208 2419 266 2487; x_wconf 89' lang='lat' dir='ltr'><strong>Hic</strong></span> <span class='ocrx_word' id='word_1_54' title='bbox 287 2418 383 2507; x_wconf 92' lang='lat' dir='ltr'><strong>igitur</strong></span> <span class='ocrx_word' id='word_1_55' title='bbox 402 2417 543 2486; x_wconf 84' lang='lat' dir='ltr'><strong>recolens</strong></span> <span class='ocrx_word' id='word_1_56' title='bbox 561 2417 721 2506; x_wconf 82' lang='lat' dir='ltr'><strong>praeclara</strong></span> <span class='ocrx_word' id='word_1_57' title='bbox 738 2416 881 2506; x_wconf 85' lang='lat' dir='ltr'><strong>exempla</strong></span> <span class='ocrx_word' id='word_1_58' title='bbox 899 2436 1029 2485; x_wconf 92' lang='lat' dir='ltr'><strong>suorum</strong></span> 
     </span>
     <span class='ocr_line' id='line_1_13' title="bbox 205 2521 1013 2630; baseline -0.004 -19"><span class='ocrx_word' id='word_1_59' title='bbox 205 2521 330 2611; x_wconf 78' lang='lat' dir='ltr'><strong>Tradita</strong></span> <span class='ocrx_word' id='word_1_60' title='bbox 349 2561 429 2630; x_wconf 88' lang='lat' dir='ltr'><strong>quae</strong></span> <span class='ocrx_word' id='word_1_61' title='bbox 447 2541 570 2610; x_wconf 87' lang='lat' dir='ltr'><strong>inerant</strong></span> <span class='ocrx_word' id='word_1_62' title='bbox 588 2540 632 2609; x_wconf 89' lang='lat' dir='ltr'><strong>illi</strong></span> <span class='ocrx_word' id='word_1_63' title='bbox 651 2559 724 2608; x_wconf 92' lang='lat' dir='ltr'><strong>cum</strong></span> <span class='ocrx_word' id='word_1_64' title='bbox 743 2540 903 2628; x_wconf 90' lang='lat' dir='ltr'><strong>sanguine,</strong></span> <span class='ocrx_word' id='word_1_65' title='bbox 924 2541 1013 2629; x_wconf 87' lang='lat' dir='ltr'><strong>regni</strong></span> 
     </span>
    </p>

    <p class='ocr_par' dir='ltr' id='par_1_6' title="bbox 205 2661 850 2742">
     <span class='ocr_line' id='line_1_14' title="bbox 205 2661 850 2742; baseline -0.005 -8"><span class='ocrx_word' id='word_1_66' title='bbox 205 2665 245 2734; x_wconf 84' lang='lat' dir='ltr'><strong>Et</strong></span> <span class='ocrx_word' id='word_1_67' title='bbox 264 2664 337 2734; x_wconf 90' lang='lat' dir='ltr'><strong>fidei</strong></span> <span class='ocrx_word' id='word_1_68' title='bbox 355 2673 421 2734; x_wconf 92' lang='lat' dir='ltr'><strong>toto</strong></span> <span class='ocrx_word' id='word_1_69' title='bbox 439 2663 518 2732; x_wconf 87' lang='lat' dir='ltr'><strong>fines</strong></span> <span class='ocrx_word' id='word_1_70' title='bbox 535 2663 704 2732; x_wconf 85' lang='lat' dir='ltr'><strong>extendere</strong></span> <span class='ocrx_word' id='word_1_71' title='bbox 721 2661 850 2742; x_wconf 92' lang='lat' dir='ltr'><strong>mundo,</strong></span> 
     </span>
    </p>

    <p class='ocr_par' dir='ltr' id='par_1_7' title="bbox 204 2787 1106 3252">
     <span class='ocr_line' id='line_1_15' title="bbox 206 2787 1016 2877; baseline -0.004 -20"><span class='ocrx_word' id='word_1_72' title='bbox 206 2788 357 2858; x_wconf 80' lang='lat' dir='ltr'><strong>aemulus</strong></span> <span class='ocrx_word' id='word_1_73' title='bbox 375 2787 512 2868; x_wconf 86' lang='lat' dir='ltr'><strong>illorum,</strong></span> <span class='ocrx_word' id='word_1_74' title='bbox 532 2795 670 2877; x_wconf 90' lang='lat' dir='ltr'><strong>optatam</strong></span> <span class='ocrx_word' id='word_1_75' title='bbox 689 2788 870 2876; x_wconf 90' lang='lat' dir='ltr'><strong>contingere</strong></span> <span class='ocrx_word' id='word_1_76' title='bbox 888 2795 1016 2865; x_wconf 89' lang='lat' dir='ltr'><strong>metam,</strong></span> 
     </span>
     <span class='ocr_line' id='line_1_16' title="bbox 206 2910 1067 3003; baseline -0.003 -20"><span class='ocrx_word' id='word_1_77' title='bbox 206 2913 343 2984; x_wconf 87' lang='lat' dir='ltr'><strong>Tandem</strong></span> <span class='ocrx_word' id='word_1_78' title='bbox 362 2921 484 3003; x_wconf 88' lang='lat' dir='ltr'><strong>sceptra</strong></span> <span class='ocrx_word' id='word_1_79' title='bbox 502 2931 626 3002; x_wconf 79' lang='lat' dir='ltr'><strong>garena,</strong></span> <span class='ocrx_word' id='word_1_80' title='bbox 646 2912 728 2981; x_wconf 92' lang='lat' dir='ltr'><strong>miro</strong></span> <span class='ocrx_word' id='word_1_81' title='bbox 745 2910 932 3002; x_wconf 90' lang='lat' dir='ltr'><strong>properabat</strong></span> <span class='ocrx_word' id='word_1_82' title='bbox 949 2931 1067 2981; x_wconf 89' lang='lat' dir='ltr'><strong>amore.</strong></span> 
     </span>
     <span class='ocr_line' id='line_1_17' title="bbox 204 3034 1106 3128; baseline -0.002 -22"><span class='ocrx_word' id='word_1_83' title='bbox 204 3038 359 3128; x_wconf 90' lang='lat' dir='ltr'><strong>Tempore</strong></span> <span class='ocrx_word' id='word_1_84' title='bbox 378 3058 441 3128; x_wconf 93' lang='lat' dir='ltr'><strong>quo</strong></span> <span class='ocrx_word' id='word_1_85' title='bbox 459 3038 513 3106; x_wconf 85' lang='lat' dir='ltr'><strong>iux</strong></span> <span class='ocrx_word' id='word_1_86' title='bbox 532 3037 614 3106; x_wconf 87' lang='lat' dir='ltr'><strong>clara</strong></span> <span class='ocrx_word' id='word_1_87' title='bbox 632 3036 721 3127; x_wconf 83' lang='lat' dir='ltr'><strong>fugit,</strong></span> <span class='ocrx_word' id='word_1_88' title='bbox 741 3035 950 3126; x_wconf 85' lang='lat' dir='ltr'><strong>Phoebusque</strong></span> <span class='ocrx_word' id='word_1_89' title='bbox 968 3034 1106 3106; x_wconf 90' lang='lat' dir='ltr'><strong>tenebris</strong></span> 
     </span>
     <span class='ocr_line' id='line_1_18' title="bbox 205 3161 1017 3252; baseline -0.004 -18"><span class='ocrx_word' id='word_1_90' title='bbox 205 3163 366 3244; x_wconf 86' lang='lat' dir='ltr'><strong>Conditur,</strong></span> <span class='ocrx_word' id='word_1_91' title='bbox 386 3171 418 3234; x_wconf 88' lang='lat' dir='ltr'><strong>et</strong></span> <span class='ocrx_word' id='word_1_92' title='bbox 437 3162 542 3233; x_wconf 83' lang='lat' dir='ltr'><strong>stellae</strong></span> <span class='ocrx_word' id='word_1_93' title='bbox 561 3162 659 3231; x_wconf 92' lang='lat' dir='ltr'><strong>nitido</strong></span> <span class='ocrx_word' id='word_1_94' title='bbox 677 3181 711 3231; x_wconf 88' lang='lat' dir='ltr'><strong>se</strong></span> <span class='ocrx_word' id='word_1_95' title='bbox 729 3161 848 3231; x_wconf 89' lang='lat' dir='ltr'><strong>lumine</strong></span> <span class='ocrx_word' id='word_1_96' title='bbox 867 3162 1017 3252; x_wconf 90' lang='lat' dir='ltr'><strong>pandunt,</strong></span> 
     </span>
    </p>
   </div>
   <div class='ocr_carea' id='block_1_6' title="bbox 71 3288 1008 3380">
    <p class='ocr_par' dir='ltr' id='par_1_8' title="bbox 71 3288 1008 3380">
     <span class='ocr_line' id='line_1_19' title="bbox 71 3288 1008 3380; baseline -0.005 -20"><span class='ocrx_word' id='word_1_97' title='bbox 71 3347 75 3360; x_wconf 94' lang='lat'><em>.</em></span> <span class='ocrx_word' id='word_1_98' title='bbox 204 3289 398 3380; x_wconf 85' lang='lat' dir='ltr'><strong>invitantque</strong></span> <span class='ocrx_word' id='word_1_99' title='bbox 415 3289 501 3357; x_wconf 91' lang='lat' dir='ltr'><strong>leves</strong></span> <span class='ocrx_word' id='word_1_100' title='bbox 511 3288 687 3377; x_wconf 80' lang='lat' dir='ltr'><strong>tranquillo</strong></span> <span class='ocrx_word' id='word_1_101' title='bbox 707 3296 846 3377; x_wconf 89' lang='lat' dir='ltr'><strong>tempore</strong></span> <span class='ocrx_word' id='word_1_102' title='bbox 865 3307 1008 3366; x_wconf 91' lang='lat' dir='ltr'><strong>somnos;</strong></span> 
     </span>
    </p>
   </div>
   <div class='ocr_carea' id='block_1_7' title="bbox 636 3647 751 3734">
    <p class='ocr_par' dir='ltr' id='par_1_9' title="bbox 636 3647 751 3734">
     <span class='ocr_line' id='line_1_20' title="bbox 636 3647 751 3734; baseline 0.009 -26"><span class='ocrx_word' id='word_1_103' title='bbox 636 3647 751 3734; x_wconf 79' lang='lat' dir='ltr'><strong>axum</strong></span> 
     </span>
    </p>
   </div>
   <div class='ocr_carea' id='block_1_8' title="bbox 201 3909 1124 4748">
    <p class='ocr_par' dir='ltr' id='par_1_10' title="bbox 203 3909 1009 4126">
     <span class='ocr_line' id='line_1_21' title="bbox 204 3909 1009 4000; baseline -0.007 -18"><span class='ocrx_word' id='word_1_104' title='bbox 204 3913 329 3982; x_wconf 81' lang='lat' dir='ltr'><strong>hureus</strong></span> <span class='ocrx_word' id='word_1_105' title='bbox 347 3913 504 4000; x_wconf 82' lang='lat' dir='ltr'><strong>exciperet</strong></span> <span class='ocrx_word' id='word_1_106' title='bbox 523 3930 622 4000; x_wconf 94' lang='lat' dir='ltr'><strong>quum</strong></span> <span class='ocrx_word' id='word_1_107' title='bbox 641 3909 726 3999; x_wconf 91' lang='lat' dir='ltr'><strong>regia</strong></span> <span class='ocrx_word' id='word_1_108' title='bbox 744 3909 886 3978; x_wconf 90' lang='lat' dir='ltr'><strong>membra</strong></span> <span class='ocrx_word' id='word_1_109' title='bbox 906 3909 1009 3998; x_wconf 88' lang='lat' dir='ltr'><strong>quiete</strong></span> 
     </span>
     <span class='ocr_line' id='line_1_22' title="bbox 203 4033 931 4126; baseline -0.007 -21"><span class='ocrx_word' id='word_1_110' title='bbox 203 4037 315 4105; x_wconf 87' lang='lat' dir='ltr'><strong>Lectus</strong></span> <span class='ocrx_word' id='word_1_111' title='bbox 333 4034 402 4126; x_wconf 87' lang='lat' dir='ltr'><strong>(ubi</strong></span> <span class='ocrx_word' id='word_1_112' title='bbox 420 4035 514 4104; x_wconf 84' lang='lat' dir='ltr'><strong>variis</strong></span> <span class='ocrx_word' id='word_1_113' title='bbox 533 4035 623 4103; x_wconf 90' lang='lat' dir='ltr'><strong>statio</strong></span> <span class='ocrx_word' id='word_1_114' title='bbox 642 4033 815 4102; x_wconf 89' lang='lat' dir='ltr'><strong>certissima</strong></span> <span class='ocrx_word' id='word_1_115' title='bbox 834 4033 931 4123; x_wconf 88' lang='lat' dir='ltr'><strong>curis)</strong></span> 
     </span>
    </p>

    <p class='ocr_par' dir='ltr' id='par_1_11' title="bbox 202 4155 1124 4498">
     <span class='ocr_line' id='line_1_23' title="bbox 202 4155 1124 4246; baseline -0.005 -17"><span class='ocrx_word' id='word_1_116' title='bbox 202 4160 298 4229; x_wconf 89' lang='lat' dir='ltr'><strong>Multa</strong></span> <span class='ocrx_word' id='word_1_117' title='bbox 317 4162 421 4229; x_wconf 94' lang='lat' dir='ltr'><strong>animo</strong></span> <span class='ocrx_word' id='word_1_118' title='bbox 440 4179 575 4239; x_wconf 87' lang='lat' dir='ltr'><strong>versans,</strong></span> <span class='ocrx_word' id='word_1_119' title='bbox 596 4158 787 4246; x_wconf 84' lang='lat' dir='ltr'><strong>volvensque</strong></span> <span class='ocrx_word' id='word_1_120' title='bbox 804 4155 994 4245; x_wconf 89' lang='lat' dir='ltr'><strong>amplissima</strong></span> <span class='ocrx_word' id='word_1_121' title='bbox 1012 4175 1124 4244; x_wconf 90' lang='lat' dir='ltr'><strong>regum</strong></span> 
     </span>
     <span class='ocr_line' id='line_1_24' title="bbox 202 4281 1105 4376; baseline -0.006 -21"><span class='ocrx_word' id='word_1_122' title='bbox 202 4285 316 4365; x_wconf 78' lang='lat' dir='ltr'><strong>Mania</strong></span> <span class='ocrx_word' id='word_1_123' title='bbox 338 4286 429 4376; x_wconf 89' lang='lat' dir='ltr'><strong>queis</strong></span> <span class='ocrx_word' id='word_1_124' title='bbox 446 4285 532 4374; x_wconf 89' lang='lat' dir='ltr'><strong>iungi</strong></span> <span class='ocrx_word' id='word_1_125' title='bbox 551 4304 609 4374; x_wconf 93' lang='lat' dir='ltr'><strong>pro</strong></span> <span class='ocrx_word' id='word_1_126' title='bbox 628 4291 764 4374; x_wconf 90' lang='lat' dir='ltr'><strong>sceptro,</strong></span> <span class='ocrx_word' id='word_1_127' title='bbox 785 4289 815 4352; x_wconf 89' lang='lat' dir='ltr'><strong>et</strong></span> <span class='ocrx_word' id='word_1_128' title='bbox 833 4283 983 4371; x_wconf 88' lang='lat' dir='ltr'><strong>sanguine</strong></span> <span class='ocrx_word' id='word_1_129' title='bbox 1001 4281 1105 4361; x_wconf 90' lang='lat' dir='ltr'><strong>debet,</strong></span> 
     </span>
     <span class='ocr_line' id='line_1_25' title="bbox 202 4406 1008 4498; baseline -0.006 -20"><span class='ocrx_word' id='word_1_130' title='bbox 202 4408 339 4498; x_wconf 89' lang='lat' dir='ltr'><strong>Occupat</strong></span> <span class='ocrx_word' id='word_1_131' title='bbox 358 4429 429 4478; x_wconf 90' lang='lat' dir='ltr'><strong>ecce</strong></span> <span class='ocrx_word' id='word_1_132' title='bbox 447 4409 523 4478; x_wconf 86' lang='lat' dir='ltr'><strong>leuis</strong></span> <span class='ocrx_word' id='word_1_133' title='bbox 540 4408 717 4498; x_wconf 82' lang='lat' dir='ltr'><strong>languentia</strong></span> <span class='ocrx_word' id='word_1_134' title='bbox 734 4406 852 4476; x_wconf 87' lang='lat' dir='ltr'><strong>lumina</strong></span> <span class='ocrx_word' id='word_1_135' title='bbox 870 4425 1008 4486; x_wconf 87' lang='lat' dir='ltr'><strong>somnus,</strong></span> 
     </span>
    </p>

    <p class='ocr_par' dir='ltr' id='par_1_12' title="bbox 201 4528 1059 4748">
     <span class='ocr_line' id='line_1_26' title="bbox 201 4528 1059 4623; baseline -0.006 -21"><span class='ocrx_word' id='word_1_136' title='bbox 201 4531 267 4602; x_wconf 91' lang='lat' dir='ltr'><strong>Nec</strong></span> <span class='ocrx_word' id='word_1_137' title='bbox 284 4536 382 4602; x_wconf 89' lang='lat' dir='ltr'><strong>menti</strong></span> <span class='ocrx_word' id='word_1_138' title='bbox 401 4534 525 4623; x_wconf 90' lang='lat' dir='ltr'><strong>requies</strong></span> <span class='ocrx_word' id='word_1_139' title='bbox 543 4541 657 4613; x_wconf 89' lang='lat' dir='ltr'><strong>tamen,</strong></span> <span class='ocrx_word' id='word_1_140' title='bbox 679 4539 733 4600; x_wconf 88' lang='lat' dir='ltr'><strong>aut</strong></span> <span class='ocrx_word' id='word_1_141' title='bbox 751 4551 811 4620; x_wconf 80' lang='lat' dir='ltr'><strong>pan</strong></span> <span class='ocrx_word' id='word_1_142' title='bbox 830 4529 892 4599; x_wconf 86' lang='lat' dir='ltr'><strong>ulia</strong></span> <span class='ocrx_word' id='word_1_143' title='bbox 911 4528 1059 4612; x_wconf 89' lang='lat' dir='ltr'><strong>dabatur;</strong></span> 
     </span>
     <span class='ocr_line' id='line_1_27' title="bbox 201 4655 967 4748; baseline -0.007 -20"><span class='ocrx_word' id='word_1_144' title='bbox 201 4657 345 4748; x_wconf 85' lang='lat' dir='ltr'><strong>Namque</strong></span> <span class='ocrx_word' id='word_1_145' title='bbox 363 4667 397 4728; x_wconf 91' lang='lat' dir='ltr'><strong>ut</strong></span> <span class='ocrx_word' id='word_1_146' title='bbox 416 4679 449 4728; x_wconf 89' lang='lat' dir='ltr'><strong>se</strong></span> <span class='ocrx_word' id='word_1_147' title='bbox 468 4677 595 4730; x_wconf 85' lang='lat' dir='ltr'><strong>somnus</strong></span> <span class='ocrx_word' id='word_1_148' title='bbox 613 4657 701 4728; x_wconf 90' lang='lat' dir='ltr'><strong>lassis</strong></span> <span class='ocrx_word' id='word_1_149' title='bbox 719 4655 832 4724; x_wconf 78' lang='lat' dir='ltr'><strong>infudit</strong></span> <span class='ocrx_word' id='word_1_150' title='bbox 851 4655 967 4734; x_wconf 73' lang='lat' dir='ltr'><strong>ocellis</strong></span> 
     </span>
    </p>
   </div>
   <div class='ocr_carea' id='block_1_9' title="bbox 182 4777 979 4932">
    <p class='ocr_par' dir='ltr' id='par_1_13' title="bbox 182 4777 979 4932">
     <span class='ocr_line' id='line_1_28' title="bbox 182 4777 979 4867; baseline -0.006 -17"><span class='ocrx_word' id='word_1_151' title='bbox 182 4780 329 4850; x_wconf 69' lang='lat' dir='ltr'><strong>adstitit</strong></span> <span class='ocrx_word' id='word_1_152' title='bbox 347 4783 463 4850; x_wconf 89' lang='lat' dir='ltr'><strong>incerta</strong></span> <span class='ocrx_word' id='word_1_153' title='bbox 481 4781 627 4850; x_wconf 85' lang='lat' dir='ltr'><strong>contusus</strong></span> <span class='ocrx_word' id='word_1_154' title='bbox 645 4781 779 4867; x_wconf 82' lang='lat' dir='ltr'><strong>imagine</strong></span> <span class='ocrx_word' id='word_1_155' title='bbox 798 4777 979 4867; x_wconf 87' lang='lat' dir='ltr'><strong>Morpheus.</strong></span> 
     </span>
     <span class='ocr_line' id='line_1_29' title="bbox 286 4895 310 4932; baseline -0.042 0"><span class='ocrx_word' id='word_1_156' title='bbox 286 4895 310 4932; x_wconf 83' lang='lat'><strong>11</strong></span> 
     </span>
    </p>
   </div>
   <div class='ocr_carea' id='block_1_10' title="bbox 0 0 1696 5370">
    <p class='ocr_par' dir='ltr' id='par_1_14' title="bbox 0 0 1696 5370">
     <span class='ocr_line' id='line_1_30' title="bbox 0 0 1696 5370; baseline 0 1"><span class='ocrx_word' id='word_1_157' title='bbox 0 0 1696 5370; x_wconf 95' lang='lat' dir='ltr'><strong> </strong></span> 
     </span>
    </p>
   </div>
  </div>
 </body>
</html>
