3406 5378
585 501 673 548 LIBER
697 501 832 550 DECIMUS

639 759 782 824 LXXVIII

208 1023 278 1094 Non
296 1031 429 1114 possunt
447 1021 529 1094 oculi
549 1022 702 1112 sphaerae
718 1023 901 1094 discernere
920 1024 991 1094 talis

209 1147 298 1232 Quae
316 1146 358 1216 sit
376 1147 540 1216 materies:
560 1146 648 1217 erbis
666 1146 722 1217 sed
739 1147 879 1218 contiuet
896 1147 992 1219 orbes

209 1271 351 1342 Inclusus
369 1270 457 1354 alios,
477 1270 606 1343 Domini
624 1291 704 1362 ques
722 1272 811 1364 virga
829 1273 972 1363 supremi

209 1394 408 1486 Composuit,
429 1404 574 1466 centrum
593 1396 813 1486 praescribens
830 1397 978 1469 omnibus
996 1417 1120 1493 unum:¹

208 1520 275 1590 Seu
292 1540 421 1590 sursum
440 1520 599 1600 ascendat,
620 1540 678 1590 seu
696 1519 820 1591 decidat
840 1521 901 1602 ille,
923 1521 1075 1592 deorsum

209 1621 393 1725 Non'cadit
415 1652 468 1714 aut
487 1644 601 1734 surgit,
621 1664 720 1734 quum
739 1645 889 1724 volvitur,
909 1665 992 1715 unus
1010 1654 1041 1716 et
1059 1645 1154 1727 idem,

209 1769 347 1861 Semper
364 1768 459 1839 babet
477 1769 590 1838 faciem
608 1768 755 1852 similem,
776 1789 915 1861 namque
932 1769 1020 1840 erbis
1038 1771 1157 1860 ubique

208 1894 320 1986 Incipit
338 1903 368 1967 et
386 1894 467 1974 finit,
487 1893 594 1964 divina
613 1903 648 1965 ut
665 1895 811 1966 conditus
829 1905 910 1967 arte.
1114 1895 1118 1906 '

650 2255 769 2318 LXXIX

208 2518 381 2599 Perfectus,
401 2517 519 2588 lormaa
536 2517 642 2599 unlus,
662 2537 697 2588 se
715 2519 809 2588 nixus
827 2520 859 2586 in
878 2537 953 2599 uno,

208 2643 323 2714 Divino
336 2626 519 2733 chbetype
537 2641 649 2713 similis
668 2643 722 2733 qui
740 2641 880 2712 condidit
897 2640 1007 2711 illum:

208 2769 306 2838 Gema
326 2766 456 2858 globum
473 2775 580 2857 stupet
598 2767 763 2858 aspicieus,
783 2773 814 2837 et
832 2773 943 2857 raptus
962 2785 1071 2837 amere

207 2891 305 2973 Illius,
325 2891 474 2962 attonitus
491 2890 588 2970 siluit,
607 2889 754 2982 linusque
771 2890 937 2961 remansit:

208 3015 268 3087 Cui
286 3015 361 3086 dea:
380 3013 470 3086 Nunc
488 3012 657 3104 quamdam
675 3012 823 3085 breviore
842 3009 1003 3086 volumine
1020 3015 1132 3085 mundi

207 3139 355 3232 Effigiem
374 3138 491 3209 donare
510 3137 573 3207 tuis
590 3137 650 3208 bac
667 3138 738 3208 luce
755 3137 924 3209 videndam

208 3265 397 3337 Luminihus
414 3264 543 3356 placuit,
563 3264 666 3355 possis
684 3267 748 3356 qub
766 3283 896 3336 cernere
915 3265 1008 3356 quala

208 3390 323 3462 TendIs
340 3391 412 3472 iter,
432 3389 542 3479 cupias
560 3396 592 3458 et
611 3389 719 3478 quales
738 3409 893 3481 quaerere
910 3398 1025 3460 terras,

653 3749 758 3812 LXXX

208 4013 256 4085 En
275 4015 372 4106 igitur
389 4014 495 4105 magni
515 4014 570 4084 tibi
589 3947 732 4083 macbIna
749 4011 897 4102 panditur
915 4010 1019 4093 erbis,

208 4140 346 4210 Aethere
366 4157 447 4229 quae
465 4137 566 4230 posita
587 4145 635 4208 est
653 4135 759 4205 medie
777 4135 850 4206 inde
869 4134 909 4204 ab
927 4136 1050 4226 origine
1068 4156 1187 4218 rerum,

208 4263 347 4336 Consilio
364 4269 397 4334 et
413 4271 493 4334 nutu
511 4263 653 4355 supremi
672 4261 830 4343 Numinis,
849 4261 926 4332 clim

209 4388 268 4460 Cui
287 4408 345 4460 nec
362 4387 565 4479 principiaun,
586 4388 637 4458 cui
657 4405 721 4456 nun
738 4394 786 4456 est
803 4385 957 4456 terminus
973 4386 1072 4457 ullus:

208 4513 329 4584 Auctor
347 4513 541 4605 qui'circum
559 4510 904 4602 tntumcemplectitur
921 4511 1043 4593 orbem,

209 4640 311 4724 Quem
329 4638 402 4708 lecit
420 4637 557 4729 sapiens,
577 4637 632 4728 qui
651 4637 792 4727 prudens
809 4643 919 4706 cuncta
936 4635 1103 4727 gubernat,

210 4765 265 4836 Est
283 4764 383 4846 Deus;
405 4771 453 4833 ast
470 4761 540 4853 ejus
557 4769 704 4832 naturam
721 4780 814 4832 nosse
831 4769 976 4851 negatur,

209 4887 312 4980 (Mans
330 4887 454 4959 infirma
473 4885 583 4978 nimis)
602 4887 727 4958 miseris
744 4885 932 4957 mortalibus
949 4887 1063 4976 aegris.
