3384 5370
948 473 1100 520 LUSIADAE

975 725 1079 796 LXXY

530 993 594 1063 Nec
613 993 700 1083 plura
719 992 766 1060 his
785 1011 873 1061 sacro
893 991 972 1060 fudit
990 990 1029 1060 de
1048 983 1172 1080 gurgite
1192 991 1329 1080 Ganges:

531 1117 706 1187 Ambomm
725 1118 756 1186 in
775 1124 886 1186 tenues
903 1135 976 1186 mox
994 1115 1093 1185 forma
1112 1118 1235 1186 evanuit
1254 1135 1359 1184 auras:

530 1241 658 1311 Excutit
676 1240 863 1311 Emmanuel
882 1239 1009 1309 turbato
1028 1248 1155 1329 pectore
1174 1258 1329 1320 somnum,

530 1366 627 1435 Menti
645 1364 729 1434 nulla
749 1366 849 1454 quiec,
870 1366 1010 1433 animum
1029 1383 1107 1433 nore
1127 1382 1202 1433 cure
1222 1363 1391 1434 remordet.

530 1489 652 1558 Interea
669 1488 814 1558 Phoebus
832 1488 941 1557 rutilos
960 1487 1109 1577 expandit
1128 1489 1273 1566 amictum

530 1612 775 1704 Dimidiumque,
796 1631 889 1701 sopor
908 1631 1003 1702 quem
1022 1620 1156 1700 ceperat,
1178 1611 1290 1680 excitat
1309 1609 1431 1680 orbem.

531 1736 595 1804 Eos
610 1735 675 1824 jam
693 1735 793 1826 pingit
812 1735 915 1816 ssoreS,
937 1737 1019 1824 capit
1036 1735 1109 1804 inde
1128 1735 1265 1803 colorem
1306 1729 1309 1734 ’

533 1858 654 1927 Horum
671 1859 804 1948 quisque
823 1878 926 1937 suum,
948 1858 1030 1948 cepit
1048 1866 1080 1928 et
1097 1877 1168 1927 rose
1187 1878 1265 1947 pura
1283 1857 1444 1927 ruborem.

818 2307 820 2318 .
917 2178 920 2186 ’
966 2217 1084 2278 mxu

534 2478 707 2548 Concilium
726 2479 830 2548 stetim
848 2498 1014 2568 procerum
1031 2480 1097 2549 Rex
1116 2480 1218 2568 cogit·
1231 2487 1261 2548 et
1280 2499 1390 2549 omnes

533 2605 667 2695 Exponit
685 2605 815 2693 species,
836 2625 911 2694 ques
930 2606 1051 2674 somnia
1069 2606 1149 2673 mire
1167 2603 1324 2672 tulemnt:
1404 2681 1406 2683 ,

536 2729 643 2799 Verba
662 2729 769 2810 refert,
789 2749 878 2799 sacro
897 2749 976 2820 quae
994 2729 1132 2799 fluminis
1151 2749 1207 2798 ore
1225 2733 1340 2799 vetusti

533 2852 696 2933 Audierat,
717 2855 819 2921 cuncti
837 2853 967 2922 attonitu
986 2871 1066 2943 quoe
1084 2862 1190 2922 mente
1208 2862 1372 2922 notarunt:
1468 2903 1476 2914 ,

532 2977 711 3067 Enpediunt
729 2977 825 3066 igitur
843 2995 1011 3065 navesque,
1031 2984 1062 3046 et
1079 2979 1203 3045 nautica
1221 2978 1376 3067 promptis

533 3102 734 3171 Armememe
753 3102 874 3182 enimiS,
895 3109 1043 3191 properet
1061 3121 1123 3192 quo
1141 3101 1265 3170 nautica
1286 3101 1387 3191 pubes

533 3226 648 3314 0cyus‚
669 3235 699 3296 et
719 3227 812 3296 celeri
830 3234 957 3317 superet
975 3229 1073 3296 marie
1092 3227 1196 3296 abditu
1215 3247 1320 3306 cursu,

533 3349 574 3418 Et
589 3351 850 3460 novoconqniret
868 3350 979 3440 pelago
998 3350 1087 3432 frete,
1107 3351 1210 3421 sidere
1231 3352 1328 3422 coelo.
1375 3355 1377 3360 ’

967 3710 1092 3771 nxxvn

533 3969 575 4039 nt
593 3970 682 4050 mibi,
704 3971 753 4040 cui
773 3992 932 4061 nunquam
950 3938 1076 4042 suberit
1095 3992 1166 4062 spes
1184 3973 1236 4041 illa
1255 3973 1378 4042 secandi

532 4096 692 4186 Aequore,
713 4095 904 4186 (quanquam
923 4098 1026 4167 animo
1045 4100 1166 4168 versari
1185 4098 1256 4168 talia
1275 4118 1379 4188 saepe,

530 4219 611 4288 Nam
629 4240 781 4310 praesaga
799 4240 870 4290 meo
889 4220 1048 4310 quatiebat
1066 4223 1195 4292 numine
1212 4231 1324 4312 pectus
1442 4249 1444 4256 ·

532 4343 630 4422 Mens,
651 4344 807 4413 stimulatu
826 4347 915 4414 noris
934 4364 1014 4434 quae
1032 4344 1170 4444 motibus
1188 4346 1247 4416 ulte
1267 4346 1417 4438 petebat)

531 4465 667 4534 Tantum
684 4486 763 4537 onus
780 4467 876 4559 (buird
894 4468 957 4536 ulta
975 4469 1067 4538 ninus
1085 4472 1212 4549 virtute,
1233 4469 1382 4539 peculiis

531 4587 590 4658 Vel
608 4592 755 4679 precibus
772 4593 822 4660 vel
839 4591 911 4680 jure
930 4593 1001 4673 tuli,
1020 4615 1082 4662 non
1100 4593 1226 4664 dotibus
1244 4594 1317 4664 ultis

532 4713 711 4805 Promerui)
730 4717 862 4804 imperio
880 4717 976 4805 regali
996 4717 1168 4807 imponitur
1188 4719 1275 4798 illud,

531 4836 679 4905 Truditur
698 4847 729 4906 ct
747 4838 864 4908 facinus
882 4842 1098 4922 metuendum,
1119 4851 1149 4913 et
1169 4843 1272 4913 nobile
1292 4843 1382 4914 sumu.
