3394 5372
610 474 699 524 trusit
722 475 872 526 summus

694 733 786 798 xxiv

244 994 323 1064 Prae
341 995 462 1064 cunctis
481 994 595 1076 alacer,
615 995 811 1086 cupidusque
829 996 936 1085 ignota
955 996 1092 1080 videndi,

243 1118 335 1190 Unus
353 1117 460 1208 iniqua
479 1119 583 1189 colens
601 1119 769 1190 Mahomeli
788 1139 876 1190 sacra
894 1120 1098 1211 propinquat,

243 1237 403 1312 Externus
420 1240 541 1332 libycae
559 1251 651 1314 natus
669 1243 807 1339 regionis
826 1243 857 1314 in
876 1263 942 1324 ora,

244 1366 381 1436 Antaeus
399 1366 449 1436 cui
465 1365 537 1455 jura
556 1365 660 1446 dabat,
680 1366 907 1438 celeberrimus
925 1366 1013 1438 olim.

243 1489 309 1561 Seu
326 1490 411 1582 quod
429 1499 589 1562 maternae
607 1491 723 1562 luerint
740 1491 874 1564 confinia
892 1501 997 1564 terrae

243 1615 388 1688 Proxima
406 1616 559 1698 lusorum,
581 1627 612 1688 et
630 1619 675 1689 sic
694 1639 771 1709 gens
786 1619 852 1709 jam
870 1619 994 1710 cognita
1012 1615 1144 1700 du'dum,

244 1739 307 1810 Seu
326 1739 422 1810 luerit
439 1741 498 1812 lusi
517 1741 602 1832 quod
620 1743 722 1813 laesus
741 1742 871 1814 vulnere
889 1742 979 1813 lerri:

244 1863 383 1980 Fortuna
401 1865 462 1936 lruc
480 1864 595 1936 ductus
613 1885 696 1936 nunc
714 1866 797 1936 indis
815 1867 921 1938 carnal
938 1869 1012 1938 oris.

679 2222 760 2288 XXV

244 2485 313 2570 llic,
334 2486 390 2556 ubi
407 2486 545 2576 legatum
562 2486 741 2556 venientem
758 2485 889 2576 aspexit,
909 2486 1009 2557 amice

242 2612 419 2704 Excipiens,
439 2611 493 2692 ait,
513 2610 644 2702 hispano
661 2629 808 2680 sermone
827 2611 964 2700 peritus:
1220 2669 1234 2704 ‚

243 2737 331 2822 Quis,
352 2756 480 2827 quaeso,
499 2735 562 2806 huc
580 2735 677 2805 alium
695 2744 727 2805 te
746 2755 830 2804 nunc
848 2735 978 2804 adduxit
996 2736 1028 2804 in
1047 2735 1170 2816 orbem,

242 2863 316 2953 Egit
333 2869 365 2932 et
384 2882 401 2931 a
419 2861 505 2950 lysiis
523 2869 588 2931 tam
606 2860 698 2950 longe
716 2858 888 2930 abscedere
906 2859 1023 2929 terris?

243 2987 312 3056 lluc
330 2985 420 3066 treta,
439 2984 608 3074 respondit,
629 2983 823 3054 sulcantibus
843 2984 924 3053 invia
942 2983 1068 3065 rostris,

243 3111 310 3195 Qua
329 3129 488 3200 nunquam
506 3110 651 3179 humanis
669 3109 768 3198 patuit
789 3109 837 3178 ria
856 3107 1003 3198 gentibus
1021 3109 1108 3189 olim,

243 3231 409 3306 Venimus:
430 3235 636 3324 ingentesque
655 3232 746 3302 indos
764 3233 981 3322 conquirimus
999 3251 1120 3312 amnes,

244 3357 288 3429 Ut
305 3357 409 3428 divina
427 3357 528 3446 plagis
546 3357 596 3428 len
616 3377 684 3427 sese
703 3357 848 3431 ententlat
865 3357 952 3428 Eois.

693 3713 785 3776 XXV}

243 3975 482 4056 Tum'maurus,
503 3976 554 4048 cui
572 3995 687 4046 nomen
706 3983 774 4045 erat
791 3975 995 4056 lllonsaidius,
1013 3975 1115 4046 haesit

243 4100 402 4172 Attonitus
420 4108 506 4169 tanto
524 4100 690 4191 longarum
709 4118 818 4170 errore
836 4098 975 4168 viarum:

243 4227 373 4317 insuper
391 4204 512 4296 audivit
530 4225 711 4296 discrimina
729 4224 808 4294 dura
825 4224 992 4316 procellae,

242 4352 416 4443 Expertam
434 4352 521 4422 lusus
539 4370 633 4442 quam
652 4371 687 4422 se
704 4350 901 4420 memorabat
918 4350 951 4420 in
969 4350 1048 4420 alto:

243 4475 285 4546 At
303 4476 432 4547 demum
451 4483 600 4566 reputans
618 4493 698 4564 quae
717 4477 846 4546 nuntius
863 4493 919 4544 ore
937 4473 1058 4544 larebat

242 4601 387 4673 Mandata
405 4603 443 4672 ad
462 4621 572 4694 regem
590 4601 718 4693 proprie
736 4609 889 4695 spectare,
909 4599 1058 4670 monebat

243 4726 375 4805 Lusum,
395 4745 470 4796 vera
489 4725 615 4807 docens,
635 4725 724 4795 illum
742 4744 805 4795 non
823 4722 904 4795 urbe
923 4724 1056 4804 morari,

199 4865 203 4874 “
246 4851 332 4922 lllius
353 4860 402 4922 ast
418 4851 490 4922 urbi
509 4852 629 4923 vicinos
648 4871 716 4922 esse
734 4859 872 4940 penates.
