3406 5378
928 417 1081 468 iusum

944 679 1050 744 XXIII

513 919 568 938 ...
593 866 748 958 incognita
767 865 865 946 mele,

450 1033 541 1097 imo:

503 1189 665 1280 Incognita
685 1187 853 1280 quondam,
869 1188 919 1258 vel
939 1187 1095 1278 incognita
1115 1207 1259 1278 prorsus.
1277 1177 1281 1182 ’

503 1385 653 1468 Influxm,
673 1403 785 1456 areana
805 1383 879 1476 poli,
894 1385 1042 1476 vitesque
1061 1383 1208 1468 latentem

450 1577 581 1658 Instemus
595 1578 623 1640 in
638 1577 797 1661 acceptione
811 1576 876 1640 huie
892 1577 952 1640 loeo
971 1577 1179 1643 accommodae
1194 1579 1295 1645 latinae
1308 1573 1427 1644 'civitatis
1441 1578 1588 1663 ceretium.

504 1761 679 1833 Stellarum
697 1761 820 1853 positus
840 1770 955 1843 certos,
976 1761 1123 1854 viresque
1140 1763 1282 1836 latentes.

936 2051 1059 2115 XXVII

504 2227 611 2318 Ipsum
631 2226 712 2296 inter
730 2226 852 2298 medios
873 2278 929 2295 ...

514 2404 571 2422 ...
594 2372 655 2446 que
675 2373 708 2422 se
726 2353 818 2444 polus
837 2352 943 2422 evehit
962 2373 1038 2424 axes
1060 2405 1117 2423 ...

478 2543 554 2607 Heee
568 2543 708 2607 salebrosa
723 2556 800 2650 ειιιιῑζ
816 2565 889 2629 quae
904 2557 997 2608 tamen
1010 2545 1111 2611 intaeta
1123 2545 1259 2630 relinquo.

946 2793 1054 2858 XXXI

507 2877 679 2970 Spemrem
702 2931 732 2949 ..
750 2930 758 2946 .
1148 2895 1153 2904 ·

458 3088 581 3173 sperare
592 3108 643 3172 pro
653 3100 814 3171 exspectare
829 3089 895 3152 Ierri
906 3090 1019 3172 quidem
1035 3101 1121 3173 potest
1126 3111 1136 3167 ;
1149 3090 1197 3154 sed
1207 3085 1338 3156 IInmdns
1349 3095 1459 3175 poteret
1467 3088 1585 3153 seribere:

403 3189 576 3272 spectarem,
592 3188 676 3250 nixus
690 3189 853 3252 auctoritate
867 3187 997 3252 Caesaris
1011 3201 1038 3252 et
1051 3189 1201 3253 Ciceronis.

932 3460 1070 3524 xxxvl

509 3544 590 3616 Tum
607 3553 772 3629 memorat,
800 3598 806 3613 .
824 3601 831 3616 .
849 3602 855 3617 .

455 3709 549 3784 Quum
563 3711 689 3792 proxime
703 3725 837 3795 sequatur
850 3714 1078 3790 memoravimus,
1094 3713 1194 3778 meIIus
1208 3724 1280 3777 esem
1294 3711 1404 3776 dinero:

508 3895 589 3966 Tum
608 3904 715 3967 narrat
1115 3979 1120 3988 ι
1172 3962 1177 3969 ,

919 3985 1091 4058 XXXVIII

510 4172 603 4244 Unde
621 4173 737 4256 minae,
757 4183 896 4245 monstra
914 4174 990 4246 haee
1009 4178 1105 4257 unde,
1126 4183 1179 4245 aut
1198 4195 1276 4267 quae
1294 4169 1416 4245 occulta
1434 4179 1563 4242 reservet

509 4297 596 4368 Haec
617 4299 707 4390 plaga
727 4295 894 4392 prodigia?
909 4309 963 4370 am
980 4299 1112 4393 pelagus
1129 4315 1209 4372 nove
1228 4296 1338 4372 Imiera
1357 4299 1546 4374 emonstmtI

457 4489 538 4556 Prior
547 4506 645 4554 versus
655 4491 718 4574 jum
727 4491 883 4576 displicebit
889 4513 898 4570 ς
911 4513 1003 4577 neque
1016 4491 1085 4557 alter
1098 4493 1219 4576 optimus
1231 4495 1283 4555 esi.

509 4673 604 4744 Unde
623 4674 728 4745 minae
747 4674 851 4746 tales?
870 4677 959 4761 Quae
979 4677 1070 4748 nobis
1090 4676 1158 4746 dire
1177 4683 1320 4746 reservat

510 4798 598 4869 Haec
616 4800 732 4891 plaga?
744 4803 831 4886 Quae
850 4803 981 4895 pelagus
995 4804 1087 4876 nobIs
1105 4823 1185 4875 nova
1199 4802 1308 4874 Iimem
1321 4797 1499 4874 monstrat?
