3406 5378
934 479 1091 528 lrslnonl:

958 737 1065 800 LXXV

513 1002 576 1074 Sed
594 1010 776 1094 postquam,
796 973 933 1092 dapibus
950 1000 1052 1070 satiati
1071 1019 1206 1070 munere
1224 1000 1333 1081 Dirae,

513 1127 673 1199 Convivae
691 1133 825 1218 surgunt
844 1125 930 1207 laeti,
950 1145 1141 1216 mensasque
1160 1125 1355 1217 relinquunt,

513 1253 555 1322 Et
570 1259 740 1343 postquam
759 1249 856 1320 tacuit
875 1269 956 1342 quae
976 1249 1077 1319 lausto
1096 1250 1235 1320 carmine
1253 1259 1341 1320 uates

513 1374 710 1445 Cunctorum
728 1381 853 1442 mentes
872 1372 993 1462 pariter
1011 1372 1169 1443 recreavit
1187 1382 1219 1442 et
1236 1393 1344 1443 aures:

514 1501 618 1586 Quam
637 1499 776 1591 gravitas
793 1507 885 1570 ornat
902 1498 1016 1579 dulcis,
1037 1497 1251 1590 pulcherrima
1269 1497 1396 1590 Tethys,

514 1625 560 1697 Ut
578 1634 642 1694 tam
661 1623 813 1694 solemnis
831 1623 954 1694 cunctis
973 1620 1106 1713 testique
1124 1621 1186 1692 diei
1215 1655 1223 1666 ·

516 1747 623 1818 Gloria
641 1747 682 1816 sit
699 1746 802 1837 major
820 1746 923 1826 Lusis,
943 1753 1130 1837 crescatque
1149 1745 1301 1837 voluptas,

516 1873 657 1943 Felicem
676 1871 847 1963 alloquitur
864 1871 975 1943 sedato
993 1881 1119 1963 pectore
1137 1872 1289 1944 Gamam:

955 2230 1072 2294 cxxvi

518 2494 595 2576 Hoc,
616 2495 666 2565 vir
683 2513 819 2577 summe,
838 2493 896 2563 tibi
915 2493 1008 2564 donat
1027 2493 1180 2583 sapientia
1197 2513 1313 2564 munus

518 2619 686 2704 Aetherea,
707 2630 743 2690 ut
761 2621 864 2712 possis
881 2619 980 2690 oculis
997 2617 1183 2690 mortalibus
1200 2620 1251 2690 illa

518 2745 668 2826 Cernere,
687 2765 751 2815 non
768 2745 871 2835 potuit
889 2763 970 2834 qnae
986 2763 1064 2814 vana
1084 2744 1216 2814 scientia
1234 2745 1350 2815 mentis

519 2870 703 2960 Perspicere
720 2868 886 2948 humanae,
907 2887 988 2958 quae
1006 2867 1091 2937 tristi
1109 2886 1220 2938 errore
1236 2876 1375 2939 tenetur.

519 2994 646 3064 Firmus
665 2993 708 3063 ini
728 3001 938 3082 constansque
957 2991 1055 3073 riam;
1075 3011 1127 3062 me
1145 3011 1243 3082 perge
1261 3002 1423 3064 vocantem

519 3119 604 3190 Pone
623 3118 712 3210 sequi
732 3119 763 3188 in
781 3126 922 3189 montem
940 3117 1139 3188 frondosum:
1160 3117 1253 3188 turba
1270 3126 1397 3188 tuorum

520 3243 621 3313 Adsit.
642 3243 695 3314 Sic
713 3242 807 3323 latur,
827 3242 981 3334 ducitque
999 3241 1173 3333 perardua
1191 3241 1300 3324 silvae,

520 3366 669 3438 Passibus
686 3366 833 3436 humanis
851 3385 931 3456 quae
950 3366 1003 3436 vix
1021 3366 1169 3436 tentanda
1186 3366 1353 3436 ridentur:

952 3727 1082 3789 Lxxvd

519 3987 585 4060 Nec
605 3961 658 4060 ria
672 3988 764 4080 longa
783 3988 856 4058 luit:
878 3989 952 4059 celsi
970 3997 1045 4059 tuno
1064 3990 1179 4059 vertice
1196 3989 1313 4060 montis

520 4112 703 4185 Consistunt
722 4133 834 4204 campo
853 4113 946 4183 claris
964 4111 1089 4183 lucente
1108 4113 1292 4204 smaragdis,

388 4254 390 4258 ’
518 4239 560 4310 Εῑ
579 4259 641 4330 quo
661 4237 807 4308 scintillat
826 4257 927 4328 purus
944 4237 1167 4322 carbunculus;
1188 4257 1297 4308 omnes

519 4363 624 4454 Seque
642 4363 716 4453 polo
735 4382 872 4444 summo,
893 4362 1011 4444 laetati,
1032 4363 1178 4433 insistere
1196 4363 1337 4433 credunt.

518 4481 687 4578 ln'spexere
706 4485 850 4576 globum,
871 4489 924 4577 qui
943 4486 1059 4577 pendet
1078 4487 1109 4555 in
1128 4490 1211 4567 altre,
1231 4486 1300 4556 luce

517 4612 669 4703 Undique
687 4611 844 4701 pertusus,
866 4611 952 4683 claro
970 4611 1176 4682 nitidissimus
1192 4611 1284 4682 orbe:

518 4739 644 4829 Quippe
662 4736 848 4826 superficies
866 4736 965 4807 oculis
983 4746 1017 4806 ut
1036 4745 1100 4807 tota
1119 4737 1262 4827 patescit,

519 4863 572 4932 Sic
591 4867 677 4949 patet
696 4859 828 4929 interius
845 4868 1045 4950 penetratum
1064 4861 1183 4931 lumine
1203 4869 1358 4930 centrum.
