3394 5372
568 441 655 488 renen
677 441 809 497 orturus

646 699 725 760 XXX

185 959 333 1030 Proxima
352 959 407 1028 lun
425 958 532 1029 aderat
550 961 671 1030 socium
690 981 789 1050 quum
809 962 901 1032 turba
918 964 1077 1044 colonum,

184 1084 268 1154 Nudi
288 1103 408 1165 omnes,
429 1084 546 1154 similes
564 1083 703 1154 tenebris
720 1085 917 1175 nigrantibus
934 1107 1053 1169 omnes,

185 1207 306 1299 Aspera
326 1209 506 1299 praecipitis
524 1209 670 1298 linquunt
685 1209 761 1299 juga
779 1201 905 1291 montis,
925 1220 956 1280 et
975 1211 1026 1282 illa

185 1335 274 1418 Quae
292 1335 408 1404 tulerat
425 1336 559 1424 primus,
580 1319 696 1424 cupidi,
716 1335 853 1426 pretiosa
871 1339 1046 1427 requirunt,

185 1459 263 1529 Tam
282 1459 398 1540 faciles,
419 1468 545 1549 umque
564 1460 703 1540 humani,
724 1469 787 1530 um
806 1461 931 1534 foedere
950 1463 1067 1533 amoris

186 1549 301 1664 functi,
322 1593 358 1654 ut
375 1594 555 1656 nostrorum
572 1607 654 1655 unus
673 1605 706 1656 se
724 1595 799 1656 tunc
818 1586 930 1656 audeat
948 1587 1010 1656 illis

185 1709 318 1782 Addere,
328 1709 473 1780 Vellosus
491 1713 622 1791 socium,
644 1711 698 1801 qui
718 1711 881 1782 frondibus
899 1721 965 1782 atra

186 1835 286 1904 Silvas
303 1855 393 1903 nosse
411 1835 508 1925 cupit,
528 1855 633 1905 mores
652 1836 816 1927 gentisque
834 1845 954 1906 notare.

635 2195 728 2258 xxxi

185 2455 245 2524 llat
257 2454 385 2525 Velloso
403 2456 544 2526 animum
562 2455 650 2524 fortis
669 2455 781 2525 fiducia
799 2456 938 2536 dextrae,

184 2579 339 2671 Quodque
357 2580 414 2650 sibi
432 2581 565 2650 nimium
582 2580 703 2661 tribuit,
721 2557 872 2650 fidentius
890 2580 994 2650 audet.

184 2704 226 2773 m
244 2724 343 2795 quum
361 2724 473 2794 magna
491 2705 571 2775 foret
590 2705 669 2774 lucis
687 2725 761 2794 pars
780 2713 858 2784 acta,
879 2704 996 2794 diuque

183 2828 351 2919 Sperarem
370 2849 450 2918 quae
468 2829 555 2919 signa
573 2829 661 2908 ferat,
683 2849 763 2920 quae
782 2848 932 2919 prospera
951 2828 1041 2898 nohis

182 2952 324 3034 Nuntiet,
345 2953 470 3023 intentis
488 2953 598 3032 oculis,
618 2953 802 3043 comitisque
819 2953 938 3042 periclo

183 3076 310 3146 Staham
328 3077 495 3147 sollicitus:
517 3076 621 3146 subito
639 3098 673 3147 se
692 3077 829 3146 culmine
846 3077 962 3146 montis

183 3201 343 3272 Ostendit:
364 3203 474 3292 rapido
493 3201 656 3293 repetebat
675 3201 780 3272 littora
798 3221 902 3293 passu,

183 3324 276 3395 Ocior
294 3335 326 3396 et
344 3327 444 3396 multo
463 3314 557 3416 quam
576 3346 675 3416 quum
693 3325 877 3396 discesserat
897 3332 978 3394 ante.

625 3684 729 3746 xxxu
847 3743 852 3762 ,

181 3945 348 4037 Promptus
367 3957 402 4017 ut
420 3948 564 4037 excipiat,
584 3956 752 4038 properato
771 3948 874 4026 lintre,
895 3945 1021 4017 Coellus

180 4073 299 4153 Adfuit,
319 4082 366 4143 ast
385 4073 473 4143 illum
492 4074 690 4144 festinantem
708 4073 826 4163 appetit
844 4072 945 4142 audax
1046 4095 1049 4104 ·

179 4197 371 4288 Aethiopum
390 4198 528 4288 quidam,
544 4198 770 4288 Vellosumque
788 4197 914 4278 involat,
933 4217 1058 4288 ungues

179 4322 334 4411 lnjiciens
356 4330 442 4392 tutus
459 4343 499 4393 ne
517 4323 642 4394 tandem
660 4319 794 4394 eradere
813 4332 933 4413 posset:

179 4444 313 4536 lamque
331 4447 411 4516 alius
429 4447 503 4526 ruit,
524 4456 618 4538 atque
637 4448 726 4529 alius,
747 4448 956 4538 propriorque
973 4447 1092 4537 periclo
1112 4456 1159 4516 est

179 4567 338 4638 Vellosus:
358 4590 450 4640 nemo
469 4578 592 4660 poterat
610 4591 796 4641 succurrere
816 4579 918 4661 capto.

181 4694 343 4764 Auxilium
360 4696 507 4786 expedio,
528 4696 584 4766 sed
604 4699 680 4766 dum
698 4697 885 4767 contendere
904 4713 1000 4767 conor

184 4816 375 4907 Remigium,
392 4820 584 4912 Aethiopum
602 4821 730 4910 nigrum
749 4841 816 4892 sese
835 4821 942 4913 objicit
960 4840 1083 4911 agmen.
