3394 5372
901 409 1058 456 desinant:

942 667 1016 730 LVII

481 929 509 1000 Ο
526 929 669 1020 Nympha
688 929 805 1000 Oceani
824 929 1047 1020 pulcherrima,
1066 938 1172 1000 nestra
1191 931 1335 1021 placebat

481 1052 514 1123 Si
532 1053 590 1123 tibi
610 1053 710 1124 Iorma
728 1053 845 1134 minue,
864 1036 966 1124 vetuit
984 1073 1065 1144 quae
1085 1073 1181 1124 causa
1199 1063 1311 1123 tenere

481 1178 548 1248 llcc
568 1198 679 1249 errore
697 1179 849 1260 animum,
868 1198 985 1270 meque
1003 1177 1062 1248 hac
1080 1178 1234 1249 deludere
1253 1178 1376 1256 fraude,

480 1301 545 1372 Seu
564 1323 665 1384 33333,
685 1323 741 1374 scu
760 1301 874 1384 nubes
893 1323 951 1372 seu
969 1303 1100 1383 samnia,
1121 1302 1203 1373 nilve
1222 1301 1353 1372 tanseat?

481 1426 567 1516 Ergo
585 1426 671 1495 illinc
691 1446 800 1496 amens
818 1426 1062 1517 indignatusque
1081 1427 1207 1508 recedo,

481 1549 654 1620 Dedecoris
674 1570 766 1620 causa
785 1558 934 1632 statuens,
953 1549 1119 1640 victusque
1138 1550 1259 1629 dolore,

480 1674 516 1743 In
533 1683 635 1743 terras
654 1675 794 1765 mIgrare
813 1673 867 1744 ubi
888 1674 1002 1744 saltem
1020 1673 1127 1744 nullus
1146 1672 1271 1742 adesset

481 1797 543 1882 Qui
560 1797 698 1888 gemitus
716 1797 822 1867 ridere
841 1817 938 1876 meas,
959 1796 1014 1888 qui
1032 1795 1144 1866 ludere
1163 1795 1273 1886 pessit.

935 2155 1020 2218 LVIII

482 2420 569 2491 Cella
587 2420 650 2488 mei
669 2420 824 2488 dederant
842 2419 895 2488 illo
910 2420 978 2509 jam
997 2427 1141 2509 tempere
1160 2416 1275 2486 tratres

483 2543 573 2612 'llicta
588 2543 676 2634 juga,
694 2543 869 2634 miserique
889 2551 1031 2613 extrema
1050 2541 1083 2612 in'
1099 2551 1184 2612 sorte
1199 2539 1360 2631 jacebant3

482 2668 558 2749 lma,
578 2676 610 2737 et
627 2688 731 2759 nequa
749 2668 808 2739 sibi
827 2675 1010 2758 superesset
1028 2687 1125 2737 33333
1145 2666 1277 2746 timens,

482 2791 662 2864 Obmerant
679 2793 795 2884 Superi
814 2793 910 2862 33333
926 2791 992 2882 jam
1010 2791 1170 2862 montibus
1188 2801 1286 2862 artus.

481 2916 523 2985 Et
540 2916 688 3006 quomam
705 2916 859 2987 humanas
877 2923 1083 2986 centemnunt
1100 2915 1235 2986 Numina
1252 2914 1337 2984 vires
1385 2937 1390 2948 ·

482 3039 638 3121 Audaces
658 3060 717 3131 ego
735 3042 790 3132 qui
808 3041 911 3112 uictus
930 3059 1001 3110 mea
1020 3041 1135 3108 damna
1154 3037 1310 3118 dolebam,

482 3164 650 3254 Indulgens
668 3165 825 3255 lacrymis,
844 3166 975 3234 tandem
992 3163 1133 3234 crudelia
1152 3163 1236 3233 sensi

482 3288 650 3379 Supplicia,
669 3296 700 3358 et
719 3297 862 3379 sumptas
879 3287 986 3357 hostili
1005 3309 1023 3357 a
1040 3286 1178 3357 Numine
1196 3307 1323 3376 paenas.

941 3647 1004 3710 LIII

482 3910 627 3979 Vertitur
645 3910 676 3979 in
695 3911 808 3979 duram
827 3930 942 4000 carpus
959 3909 1139 3980 miserabile
1158 3918 1288 4000 terram,

481 4034 516 4103 In
534 4054 631 4125 rupes
648 4033 766 4104 abeunt
783 4053 863 4116 3333,
884 4043 916 4104 et
935 4053 1016 4125 quae
1036 4033 1165 4125 grandin
1184 4035 1289 4104 cernis

480 4158 633 4240 Membra,
648 4165 735 4228 artus
748 4159 878 4240 validm,
893 4158 1080 4250 speciesque
1098 4158 1177 4227 baec
1190 4166 1279 4227 vasta
1298 4159 1471 4248 parandas
1562 4185 1566 4192 ·

480 4283 563 4352 Fusa
581 4283 679 4352 maris
697 4289 763 4353 tota
779 4283 877 4373 jacuit
894 4293 1041 4374 porrecta
1059 4282 1231 4373 prolund0;

481 4406 567 4475 Haec
584 4408 714 4476 tandem
730 4407 832 4476 males
850 4405 1029 4497 longissima
1048 4407 1190 4496 corporis
1208 4407 1307 4475 altum

479 4529 514 4598 In
533 4529 636 4620 Caput
654 4551 672 4599 3
691 4531 823 4621 SuperiS
841 4530 948 4602 subito
967 4551 1120 4602 conversa
1139 4538 1299 4600 remotum
1319 4540 1376 4612 est,

479 4652 690 4755 Viuididsquc
707 4656 817 4726 valens
835 4655 919 4725 hunc
935 4676 988 4726 me
1007 4657 1126 4726 sentire
1145 4655 1297 4736 dolorem,

479 4778 536 4848 His
554 4800 605 4847 me
624 4799 716 4849 saeva
735 4779 843 4849 Tbebs
862 4781 1010 4850 deridens
1029 4781 1141 4850 clicuit
1159 4781 1263 4850 undis,
