3384 5372
948 465 1104 514 nostrone

1005 722 1045 785 111

529 984 595 1055 Ν66
613 1005 701 1055 mora
720 967 825 1076 longa,
846 985 954 1055 volans
972 1005 1082 1056 rumor
1100 1003 1199 1075 quum
1216 984 1313 1054 elassa
1330 993 1474 1074 vagatur,

531 1109 612 1180 Vera
630 1130 757 1180 sonans:
778 1109 870 1180 Lusis
886 1110 1061 1200 praefectos
1077 1108 1247 1191 mercibus,
1266 1108 1378 1178 ardent

529 1233 612 1302 Dum
630 1236 770 1305 celerare
787 1233 904 1324 tagam,
926 1241 1074 1324 unquam
1090 1253 1150 1324 pro
1168 1233 1298 1303 erimine
1315 1241 1433 1324 captos,

528 1356 649 1428 Vinelis
666 1366 698 1428 et
715 1377 823 1438 noros,
842 1366 975 1449 angusto
994 1377 1120 1428 oaroere
1138 1357 1252 1428 claudi.

529 1482 616 1566 Quae
633 1502 732 1573 quum
751 1483 899 1554 sollicitas
917 1483 1000 1553 eauti
1018 1490 1212 1574 penetrasset
1230 1482 1262 1552 in
1281 1500 1373 1552 aures

529 1607 625 1677 Fama
642 1607 743 1688 dunis,
759 1607 862 1698 jubet,
882 1615 914 1678 et
933 1609 1054 1678 vinctos
1071 1607 1103 1676 in
1121 1607 1219 1678 olasse
1237 1609 1338 1677 teneri

529 1731 712 1814 Nonnullos,
730 1733 885 1804 meroedis
902 1752 992 1804 amor
1010 1751 1090 1824 quos
1108 1739 1217 1822 egerat
1234 1731 1282 1802 ire

528 1854 579 1926 Ad
597 1877 704 1938 nares,
723 1857 813 1928 indas
830 1856 993 1947 cupientes
1009 1856 1148 1928 rendere
1166 1873 1317 1946 gemmae.

1009 2215 1035 2275 11

527 2477 567 2546 Η1
586 2485 800 2548 mercatorum
817 2497 893 2568 pars
909 2477 1023 2567 prisea,
1043 2487 1076 2546 et
1093 2476 1219 2558 nobilis,
1237 2479 1304 2547 anri

528 2600 624 2671 Dives
641 2610 720 2682 erat,
740 2599 880 2672 Caleonti
899 2603 1020 2672 eunetis
1038 2609 1174 2692 notoque
1192 2599 1297 2670 turba.

527 2725 681 2795 Sollicitat
698 2726 839 2817 trepidos
853 2727 920 2816 jam
937 2726 1030 2816 longa
1049 2725 1188 2796 absentia
1207 2725 1303 2804 eires,

527 2847 705 2940 Conjieiunt
723 2850 791 2920 lusa
808 2849 930 2920 vinctos
948 2850 981 2918 in
998 2850 1096 2920 classe
1115 2847 1228 2920 teneri.

527 2974 659 3065 Jamque
677 2974 756 3045 adeo
774 2975 895 3046 ratibus
912 2975 989 3046 lusis
1008 2995 1084 3066 gens
1102 2995 1202 3065 gnava
1220 2971 1397 3064 cylindrum

527 3100 554 3169 E
573 3099 658 3189 ligno
676 3100 836 3190 ingentem
853 3099 957 3170 tentos
975 3107 1161 3190 contorquet
1180 3100 1212 3168 in
1229 3099 1337 3180 orbes,

527 3223 702 3314 Partitique
719 3224 815 3306 vines,
833 3245 909 3315 pars
926 3223 1061 3295 extrahit
1079 3243 1216 3314 aequore
1233 3223 1352 3306 ionem,

528 3348 606 3420 Pars
622 3349 683 3419 alia
701 3349 867 3440 impellunt
882 3351 1013 3422 robusto
1030 3357 1158 3440 pertore
1174 3349 1307 3441 lignum.

898 3699 1044 3770 'xi

529 3969 569 4038 Hi
588 3969 708 4041 6616666
725 3969 864 4060 pendent
881 3973 1026 4050 antenna,
1045 3979 1079 4040 et
1095 3969 1226 4041 carbasa
1243 3970 1382 4053 solvunt;

525 4095 677 4167 Nauticus
694 4096 846 4186 implebat
863 4097 1040 4166 resonantia
1058 4096 1162 4167 littora
1181 4096 1317 4168 elamor:

526 4219 684 4291 Continuo
702 4220 821 4310 majore
840 4221 925 4290 dorni
943 4222 1079 4292 elamore
1097 4232 1245 4292 monetur

525 4346 593 4415 Rex
612 4343 718 4415 subito
735 4345 838 4415 lusam
856 4366 874 4414 6
892 4354 987 4436 portu
1004 4345 1167 4417 discedere
1185 4345 1331 4416 classem:

525 4470 655 4540 Soitieet
673 4469 800 4540 illorum
817 4491 935 4540 uxores
951 4471 1080 4560 natique
1098 4478 1247 4540 tenentur
1305 4465 1311 4476 ’

526 4595 589 4678 Qui
606 4593 731 4686 pelago,
752 4603 784 4664 et
804 4594 870 4664 lusa
887 4595 1006 4686 pariter
1024 4613 1098 4664 euna
1116 4595 1215 4666 classe
1232 4593 1384 4676 ferentur,

524 4719 728 4788 Zarnorinum
747 4718 876 4800 adeunt,
896 4721 1045 4810 caecique
1062 4718 1172 4790 dolore
1191 4728 1367 4811 queruntur

524 4845 566 4914 Hi
586 4844 645 4914 sibi
664 4865 727 4914 non
745 4852 863 4934 patres,
884 4845 944 4915 hae
962 4865 1025 4916 non
1043 4865 1209 4938 superesse
1226 4845 1365 4916 maritos.
