3384 5370
597 463 688 510 ttuun
705 462 834 510 ruamus

675 721 755 782 XXX

216 984 257 1055 Αι
275 993 378 1066 natus,
398 987 453 1076 qui
471 1003 584 1054 numen
603 985 652 1052 ari
671 984 869 1074 Martemque
886 985 1028 1075 gerebat,

215 1109 406 1199 Alphcnsus
427 1129 526 1200 quum
545 1127 578 1178 se
597 1108 704 1198 regnis
721 1111 918 1199 sceptrisque
936 1109 1073 1198 patentis

216 1233 365 1325 Turpiter
383 1233 518 1314 excludi,
539 1242 571 1303 et
589 1235 709 1303 cunctis
727 1253 799 1303 cum
817 1243 918 1304 matre
936 1234 1030 1324 potiri

215 1357 390 1427 Externum
408 1356 574 1438 Comitem,
594 1357 709 1428 violate
724 1357 807 1447 jure,
827 1357 958 1438 videret,

215 1483 325 1553 Martia
344 1484 523 1574 concipiens
540 1482 682 1553 incendia
701 1482 865 1552 flammeus
882 1483 940 1562 ira,

216 1603 332 1675 Secum
351 1607 446 1696 agitat
465 1626 528 1696 quc
547 1613 635 1695 parta
653 1605 748 1674 mede
766 1604 988 1692 sihivindicet,
1010 1611 1092 1672 artes

215 1728 373 1800 Evclrens
391 1729 506 1808 anime,
526 1727 665 1809 demum,
685 1747 764 1818 quae
783 1735 887 1798 mente
906 1727 1034 1807 volutat,

216 1851 391 1944 Exequitur
409 1853 508 1934 tactis,
527 1859 559 1922 et
578 1861 650 1922 ruta
668 1851 803 1942 ingentia
822 1852 968 1942 complet.

667 2211 759 2274 XXXI

216 2475 348 2567 Jamque
366 2474 584 2546 Xraducenses
604 2475 766 2565 tinguntur
785 2477 934 2565 sanguine
953 2477 1053 2566 campi

216 2599 397 2680 Lusiadum‚
418 2618 513 2691 quem
532 2599 613 2668 bella
632 2599 713 2668 cient
732 2598 833 2667 civilia
852 2599 952 2668 renis:

216 2723 317 2794 Mater
334 2724 401 2806 ubi,
421 2726 531 2794 matris
546 2722 612 2813 jam
630 2742 744 2793 nornen
762 2722 864 2803 inane,
885 2723 1019 2814 negabat

217 2847 303 2932 Quae
320 2857 392 2918 nato
410 2848 571 2939 patrisque
589 2847 681 2926 lares,
703 2855 735 2916 et
752 2848 862 2917 matris
880 2867 1032 2926 amorem,

217 2969 361 3042 Cernitur
380 2981 515 3042 armatas
533 2971 615 3042 acies
632 2991 791 3062 opponere
809 2979 927 3040 centra.

216 3095 268 3165 Sic
286 3096 381 3165 viciat
395 3095 496 3185 justas
514 3103 642 3165 ventosa
662 3094 809 3185 superbia
827 3093 928 3186 leges!

216 3219 352 3312 Despicit
370 3231 401 3292 et
419 3223 569 3312 Superos,
590 3231 621 3292 et
638 3223 747 3292 matris
765 3220 897 3312 despicit
916 3221 1019 3312 ignem

215 3343 292 3416 Tam
309 3347 448 3452 graviter
466 3367 577 3417 sensus
595 3346 713 3416 inflexit
731 3345 820 3416 sceda
838 3345 946 3416 libide.

662 3705 767 3768 XXXII

215 3968 242 4038 0
260 3970 382 4060 Progne
400 3968 560 4038 immanis!
581 3969 691 4048 Multo,
711 3989 730 4038 ο
748 3967 868 4046 Medea,
890 3967 1019 4038 nefanda

214 4093 365 4164 Crimine!
387 4095 420 4163 Si
439 4095 584 4185 proprios
601 4095 746 4184 potuistis
763 4092 897 4182 perdere
915 4102 1014 4170 nates,

213 4219 345 4290 Ulturac
362 4219 470 4300 furias,
490 4229 522 4290 et
540 4219 634 4290 eorda
652 4220 774 4308 ingrata
792 4223 971 4309 parentum,

213 4341 360 4412 Tberasia
378 4345 538 4413 innatum
556 4341 713 4413 crudelior
731 4343 845 4422 extitit;
865 4348 959 4430 urget

212 4465 326 4558 Turpis
344 4487 433 4537 amur
451 4475 601 4546 mentem,
621 4467 774 4556 regnique
793 4464 916 4535 inianda
935 4463 1065 4554 cupid0;

214 4589 298 4660 Haec
317 4611 428 4662 causae
448 4592 578 4671 irarum,
599 4599 630 4660 et
649 4589 749 4660 civilis
767 4589 885 4659 semina
903 4587 996 4658 belli:

213 4713 347 4784 Tolleret
366 4727 401 4785 ut
418 4724 552 4806 patrem,
573 4714 713 4784 stimulat
731 4733 812 4783 nexa
830 4713 921 4782 unica
940 4711 1091 4802 Scyllam3

213 4837 376 4910 Therasiae
395 4841 427 4909 in
444 4848 554 4910 natum
573 4861 652 4910 nexa
671 4847 804 4930 utraque
823 4840 952 4908 suscitat
971 4839 1043 4908 iras.

224 4991 229 5004 ,
281 4955 294 4994 '1
