3406 5378
914 475 1069 524 susianen

923 735 1064 798 xxxtu

507 973 562 988 ...
585 939 618 988 se
638 917 833 990 Casteliauus
853 918 884 988 iu
903 938 989 988 arma

498 1041 635 1132 Colligit,
753 1105 755 1116 ,

446 1234 586 1315 Propone:

506 1467 562 1484 ...
585 1436 639 1486 rex
658 1415 852 1486 Castelinnus
871 1416 902 1485 in
921 1435 1008 1484 arma

498 1539 660 1611 Conveniat.

926 1713 1066 1778 xxxix

506 1949 563 1966 ...
585 1901 693 1988 ingere
713 1899 866 1990 quinquin

498 2021 633 2100 Dumm,
657 2077 688 2090 ..
707 2078 713 2091 .

447 2211 546 2292 ingere
558 2213 697 2295 supplicia
711 2212 779 2276 dixit
793 2212 909 2276 Seneca.
943 2309 1046 2372 XLlll

446 2505 599 2569 Fatendum
615 2519 656 2570 est
669 2503 816 2570 Manedum
838 2524 940 2588 magna
954 2505 982 2567 in
998 2517 1073 2588 parte
1087 2505 1169 2586 iinjns
1183 2505 1309 2589 strophes
1323 2526 1424 2590 pamm
1439 2509 1522 2573 fuisse
1534 2511 1583 2572 ieli-

392 2624 463 2668 cem.

410 2865 412 2870 .
943 2797 1047 2861 XLiV

500 2884 664 3000 iiirgineae
683 2885 816 2954 comites
839 2936 895 2952 ...

444 3057 598 3140 Virginitas
613 3057 721 3120 illarum
736 3057 904 3120 feminarum
919 3075 990 3139 qnae
1004 3075 1118 3119 mauros
1131 3057 1249 3121 amasios
1264 3079 1330 3121 suos
1340 3061 1414 3139 (seur
1429 3063 1544 3142 amigos)
1554 3057 1583 3120 ad

393 3156 495 3219 bellum
510 3157 655 3218 comitatae
669 3167 743 3229 sunt,
753 3167 879 3241 suspecta
890 3157 954 3238 jure
968 3154 1055 3216 uideri
1072 3167 1168 3236 potest.
1181 3155 1306 3227 Quatuor
1320 3159 1435 3221 ultimos
1445 3177 1539 3221 versus
1550 3157 1582 3217 sic

392 3253 540 3318 emendare
555 3265 669 3316 cenatus
684 3273 763 3314 sum:

498 3417 688 3508 Egregium:
709 3418 853 3509 sequitur
871 3419 1000 3488 Mauros
1019 3439 1081 3488 nen
1100 3439 1163 3487 una
1180 3418 1292 3510 puelia,

482 3542 678 3632 ¹Pugnatum
696 3541 807 3624 simui;
828 3541 957 3612 bellacis
975 3543 1107 3633 uirginis
1126 3545 1225 3612 instar

498 3666 585 3749 Quae
605 3665 741 3735 multum
756 3665 838 3756 juvit
856 3667 1008 3748 Teucros,
1028 3670 1155 3737 vexavit
1173 3667 1321 3746 Achivos,

498 3789 579 3860 Cum
598 3791 691 3858 seriis
709 3790 778 3858 aliis
796 3811 876 3881 qnae
895 3791 1127 3860 Thermodonta
1147 3791 1306 3862 biberunt.

951 4065 1034 4128 XLV

498 4247 648 4318 Matutina
666 4248 729 4340 pnii
748 4248 801 4317 lux
820 4247 950 4318 eandida
969 4269 1042 4318 rore
1061 4269 1174 4319 serene

386 4401 389 4412 ·
497 4372 649 4442 Intulerat
667 4373 784 4452 radios,
800 4381 832 4442 et
851 4373 954 4443 sidera
973 4373 1055 4443 lenta
1074 4372 1214 4463 fugabat3
1313 4397 1323 4416 ·

445 4545 571 4608 Fortasse
584 4565 639 4608 non
649 4547 708 4626 poli
720 4545 769 4607 sed
783 4546 845 4627 poio
860 4545 1009 4626 scripserat
1023 4546 1163 4608 Maeedus.
1182 4544 1291 4608 Malim:

497 4710 635 4800 Frigida,
652 4710 728 4801 jam,
750 4731 875 4801 eannpes
895 4731 1087 4803 respergens
1106 4732 1179 4782 rure
1198 4731 1322 4784 serene.

498 4833 653 4923 Fuigebat
672 4836 769 4914 cuein,
790 4836 961 4927 setasque
980 4837 1103 4906 Aurora
1122 4835 1259 4926 fugabat.
