<?xml version="1.0" encoding="UTF-8"?>
<!DOCTYPE html PUBLIC "-//W3C//DTD XHTML 1.0 Transitional//EN"
    "http://www.w3.org/TR/xhtml1/DTD/xhtml1-transitional.dtd">
<html xmlns="http://www.w3.org/1999/xhtml" xml:lang="en" lang="en">
 <head>
  <title>
</title>
<meta http-equiv="Content-Type" content="text/html;charset=utf-8" />
  <meta name='ocr-system' content='tesseract 3.04.00' />
  <meta name='ocr-capabilities' content='ocr_page ocr_carea ocr_par ocr_line ocrx_word'/>
</head>
<body>
  <div class='ocr_page' id='page_1' title='image "./alusiadadeluizd00deslgoog_0307.png"; bbox 0 0 3394 5372; ppageno 0'>
   <div class='ocr_carea' id='block_1_1' title="bbox 941 482 1094 800">
    <p class='ocr_par' dir='ltr' id='par_1_1' title="bbox 941 482 1094 800">
     <span class='ocr_line' id='line_1_1' title="bbox 941 482 1094 530; baseline -0.007 0"><span class='ocrx_word' id='word_1_1' title='bbox 941 482 1094 530; x_wconf 76' lang='lat' dir='ltr'>cosanum</span> 
     </span>
     <span class='ocr_line' id='line_1_2' title="bbox 972 737 1060 800; baseline -0.011 0"><span class='ocrx_word' id='word_1_2' title='bbox 972 737 1060 800; x_wconf 84' lang='lat' dir='ltr'>LXiii</span> 
     </span>
    </p>
   </div>
   <div class='ocr_carea' id='block_1_2' title="bbox 523 999 1518 1964">
    <p class='ocr_par' dir='ltr' id='par_1_2' title="bbox 525 999 1373 1341">
     <span class='ocr_line' id='line_1_3' title="bbox 525 999 1284 1072; baseline -0.003 -1"><span class='ocrx_word' id='word_1_3' title='bbox 525 1001 559 1071; x_wconf 94' lang='lat' dir='ltr'>Si</span> <span class='ocrx_word' id='word_1_4' title='bbox 578 1021 653 1071; x_wconf 89' lang='lat' dir='ltr'>vcro</span> <span class='ocrx_word' id='word_1_5' title='bbox 670 1001 721 1070; x_wconf 85' lang='lat' dir='ltr'>hic</span> <span class='ocrx_word' id='word_1_6' title='bbox 739 999 857 1071; x_wconf 85' lang='lat' dir='ltr'>stabilis</span> <span class='ocrx_word' id='word_1_7' title='bbox 874 1020 931 1071; x_wconf 90' lang='lat' dir='ltr'>vos</span> <span class='ocrx_word' id='word_1_8' title='bbox 950 1003 1031 1071; x_wconf 86' lang='lat' dir='ltr'>inter</span> <span class='ocrx_word' id='word_1_9' title='bbox 1050 1001 1150 1070; x_wconf 90' lang='lat' dir='ltr'>nodus</span> <span class='ocrx_word' id='word_1_10' title='bbox 1168 1003 1284 1072; x_wconf 86' lang='lat' dir='ltr'>amoris</span> 
     </span>
     <span class='ocr_line' id='line_1_4' title="bbox 526 1125 1373 1216; baseline 0.002 -20"><span class='ocrx_word' id='word_1_11' title='bbox 526 1125 722 1206; x_wconf 87' lang='lat' dir='ltr'>Permaneat,</span> <span class='ocrx_word' id='word_1_12' title='bbox 742 1125 823 1195; x_wconf 83' lang='lat' dir='ltr'>fixae</span> <span class='ocrx_word' id='word_1_13' title='bbox 840 1134 1008 1195; x_wconf 78' lang='lat' dir='ltr'>nectantur</span> <span class='ocrx_word' id='word_1_14' title='bbox 1026 1125 1148 1195; x_wconf 87' lang='lat' dir='ltr'>vincula</span> <span class='ocrx_word' id='word_1_15' title='bbox 1167 1125 1263 1216; x_wconf 86' lang='lat' dir='ltr'>pacis,</span> <span class='ocrx_word' id='word_1_16' title='bbox 1365 1185 1373 1198; x_wconf 88' lang='lat'><strong>.</strong></span> 
     </span>
     <span class='ocr_line' id='line_1_5' title="bbox 525 1245 1247 1341; baseline -0.003 -21"><span class='ocrx_word' id='word_1_17' title='bbox 525 1249 580 1320; x_wconf 87' lang='lat' dir='ltr'>lile</span> <span class='ocrx_word' id='word_1_18' title='bbox 597 1245 725 1341; x_wconf 83' lang='lat' dir='ltr'>paratras</span> <span class='ocrx_word' id='word_1_19' title='bbox 743 1250 802 1319; x_wconf 88' lang='lat' dir='ltr'>erit</span> <span class='ocrx_word' id='word_1_20' title='bbox 821 1257 862 1330; x_wconf 90' lang='lat' dir='ltr'>te,</span> <span class='ocrx_word' id='word_1_21' title='bbox 883 1252 972 1340; x_wconf 88' lang='lat' dir='ltr'>siqua</span> <span class='ocrx_word' id='word_1_22' title='bbox 991 1249 1121 1320; x_wconf 81' lang='lat' dir='ltr'>adversa</span> <span class='ocrx_word' id='word_1_23' title='bbox 1139 1247 1247 1341; x_wconf 84' lang='lat' dir='ltr'>fatiget</span> 
     </span>
    </p>

    <p class='ocr_par' dir='ltr' id='par_1_3' title="bbox 523 1371 1422 1589">
     <span class='ocr_line' id='line_1_6' title="bbox 523 1371 1422 1464; baseline -0.002 -20"><span class='ocrx_word' id='word_1_24' title='bbox 523 1375 588 1444; x_wconf 79' lang='lat' dir='ltr'>dut</span> <span class='ocrx_word' id='word_1_25' title='bbox 606 1394 740 1464; x_wconf 89' lang='lat' dir='ltr'>regnum</span> <span class='ocrx_word' id='word_1_26' title='bbox 758 1371 885 1450; x_wconf 37' lang='lat' dir='ltr'>fortuna,</span> <span class='ocrx_word' id='word_1_27' title='bbox 899 1381 1002 1456; x_wconf 89' lang='lat' dir='ltr'>tuum,</span> <span class='ocrx_word' id='word_1_28' title='bbox 1023 1394 1079 1443; x_wconf 90' lang='lat' dir='ltr'>seu</span> <span class='ocrx_word' id='word_1_29' title='bbox 1097 1373 1178 1443; x_wconf 86' lang='lat' dir='ltr'>bella</span> <span class='ocrx_word' id='word_1_30' title='bbox 1196 1374 1356 1444; x_wconf 80' lang='lat' dir='ltr'>minentur</span> <span class='ocrx_word' id='word_1_31' title='bbox 1418 1393 1422 1399; x_wconf 82' lang='lat'><strong>·</strong></span> 
     </span>
     <span class='ocr_line' id='line_1_7' title="bbox 523 1497 1254 1589; baseline -0.001 -20"><span class='ocrx_word' id='word_1_32' title='bbox 523 1497 627 1569; x_wconf 83' lang='lat' dir='ltr'>Vicini</span> <span class='ocrx_word' id='word_1_33' title='bbox 646 1506 783 1589; x_wconf 89' lang='lat' dir='ltr'>gentem,</span> <span class='ocrx_word' id='word_1_34' title='bbox 804 1499 947 1580; x_wconf 82' lang='lat' dir='ltr'>classem,</span> <span class='ocrx_word' id='word_1_35' title='bbox 967 1499 1097 1580; x_wconf 88' lang='lat' dir='ltr'>naualia,</span> <span class='ocrx_word' id='word_1_36' title='bbox 1118 1506 1149 1568; x_wconf 88' lang='lat' dir='ltr'>et</span> <span class='ocrx_word' id='word_1_37' title='bbox 1167 1518 1254 1568; x_wconf 89' lang='lat' dir='ltr'>arma</span> 
     </span>
    </p>

    <p class='ocr_par' dir='ltr' id='par_1_4' title="bbox 524 1599 1518 1964">
     <span class='ocr_line' id='line_1_8' title="bbox 524 1599 1518 1714; baseline -0.006 -20"><span class='ocrx_word' id='word_1_38' title='bbox 524 1624 661 1705; x_wconf 84' lang='lat' dir='ltr'>Mittere,</span> <span class='ocrx_word' id='word_1_39' title='bbox 682 1643 745 1714; x_wconf 88' lang='lat' dir='ltr'>quo</span> <span class='ocrx_word' id='word_1_40' title='bbox 763 1621 892 1692; x_wconf 88' lang='lat' dir='ltr'>iratrem</span> <span class='ocrx_word' id='word_1_41' title='bbox 910 1622 969 1693; x_wconf 87' lang='lat' dir='ltr'>sibi</span> <span class='ocrx_word' id='word_1_42' title='bbox 987 1631 1018 1693; x_wconf 94' lang='lat' dir='ltr'>te</span> <span class='ocrx_word' id='word_1_43' title='bbox 1037 1622 1103 1693; x_wconf 85' lang='lat' dir='ltr'>iore</span> <span class='ocrx_word' id='word_1_44' title='bbox 1122 1623 1222 1714; x_wconf 89' lang='lat' dir='ltr'>signet</span> <span class='ocrx_word' id='word_1_45' title='bbox 1239 1621 1434 1692; x_wconf 89' lang='lat' dir='ltr'>habendum:</span> <span class='ocrx_word' id='word_1_46' title='bbox 1514 1599 1518 1608; x_wconf 48' lang='lat'>¹</span> 
     </span>
     <span class='ocr_line' id='line_1_9' title="bbox 525 1745 1379 1837; baseline -0.002 -19"><span class='ocrx_word' id='word_1_47' title='bbox 525 1747 569 1818; x_wconf 76' lang='lat' dir='ltr'>dt</span> <span class='ocrx_word' id='word_1_48' title='bbox 586 1767 682 1837; x_wconf 86' lang='lat' dir='ltr'>super</span> <span class='ocrx_word' id='word_1_49' title='bbox 699 1747 748 1816; x_wconf 88' lang='lat' dir='ltr'>iris</span> <span class='ocrx_word' id='word_1_50' title='bbox 766 1746 895 1818; x_wconf 86' lang='lat' dir='ltr'>demum</span> <span class='ocrx_word' id='word_1_51' title='bbox 912 1747 970 1816; x_wconf 92' lang='lat' dir='ltr'>tibi</span> <span class='ocrx_word' id='word_1_52' title='bbox 990 1766 1070 1837; x_wconf 89' lang='lat' dir='ltr'>quaa</span> <span class='ocrx_word' id='word_1_53' title='bbox 1088 1745 1254 1836; x_wconf 86' lang='lat' dir='ltr'>prudentia</span> <span class='ocrx_word' id='word_1_54' title='bbox 1272 1745 1379 1828; x_wconf 80' lang='lat' dir='ltr'>dictet,</span> 
     </span>
     <span class='ocr_line' id='line_1_10' title="bbox 528 1872 1363 1964; baseline -0.002 -21"><span class='ocrx_word' id='word_1_55' title='bbox 528 1872 572 1943; x_wconf 87' lang='lat' dir='ltr'>Te</span> <span class='ocrx_word' id='word_1_56' title='bbox 590 1892 703 1963; x_wconf 88' lang='lat' dir='ltr'>precor</span> <span class='ocrx_word' id='word_1_57' title='bbox 720 1880 757 1942; x_wconf 90' lang='lat' dir='ltr'>ut</span> <span class='ocrx_word' id='word_1_58' title='bbox 774 1881 879 1942; x_wconf 88' lang='lat' dir='ltr'>certus</span> <span class='ocrx_word' id='word_1_59' title='bbox 897 1872 974 1942; x_wconf 88' lang='lat' dir='ltr'>mihi</span> <span class='ocrx_word' id='word_1_60' title='bbox 995 1872 1050 1943; x_wconf 86' lang='lat' dir='ltr'>des</span> <span class='ocrx_word' id='word_1_61' title='bbox 1066 1893 1213 1963; x_wconf 90' lang='lat' dir='ltr'>responsa</span> <span class='ocrx_word' id='word_1_62' title='bbox 1231 1875 1363 1964; x_wconf 85' lang='lat' dir='ltr'>roganti.</span> 
     </span>
    </p>
   </div>
   <div class='ocr_carea' id='block_1_3' title="bbox 976 2231 1066 2295">
    <p class='ocr_par' dir='ltr' id='par_1_5' title="bbox 976 2231 1066 2295">
     <span class='ocr_line' id='line_1_11' title="bbox 976 2231 1066 2295; baseline 0.011 -1"><span class='ocrx_word' id='word_1_63' title='bbox 976 2231 1066 2295; x_wconf 85' lang='lat' dir='ltr'>LXIV</span> 
     </span>
    </p>
   </div>
   <div class='ocr_carea' id='block_1_4' title="bbox 528 2493 1387 2709">
    <p class='ocr_par' dir='ltr' id='par_1_6' title="bbox 528 2493 1387 2709">
     <span class='ocr_line' id='line_1_12' title="bbox 529 2493 1183 2584; baseline 0.002 -21"><span class='ocrx_word' id='word_1_64' title='bbox 529 2494 614 2564; x_wconf 89' lang='lat' dir='ltr'>Talia</span> <span class='ocrx_word' id='word_1_65' title='bbox 632 2494 725 2584; x_wconf 85' lang='lat' dir='ltr'>legati</span> <span class='ocrx_word' id='word_1_66' title='bbox 744 2493 899 2564; x_wconf 85' lang='lat' dir='ltr'>referebat</span> <span class='ocrx_word' id='word_1_67' title='bbox 917 2495 1043 2564; x_wconf 90' lang='lat' dir='ltr'>nomine</span> <span class='ocrx_word' id='word_1_68' title='bbox 1060 2495 1183 2576; x_wconf 91' lang='lat' dir='ltr'>ductor,</span> 
     </span>
     <span class='ocr_line' id='line_1_13' title="bbox 528 2618 1387 2709; baseline -0.001 -19"><span class='ocrx_word' id='word_1_69' title='bbox 528 2619 588 2690; x_wconf 88' lang='lat' dir='ltr'>Cui</span> <span class='ocrx_word' id='word_1_70' title='bbox 605 2639 755 2709; x_wconf 86' lang='lat' dir='ltr'>responsa</span> <span class='ocrx_word' id='word_1_71' title='bbox 774 2618 867 2689; x_wconf 87' lang='lat' dir='ltr'>dabat</span> <span class='ocrx_word' id='word_1_72' title='bbox 884 2639 941 2689; x_wconf 81' lang='lat' dir='ltr'>rex</span> <span class='ocrx_word' id='word_1_73' title='bbox 959 2619 1103 2690; x_wconf 86' lang='lat' dir='ltr'>ethnicus</span> <span class='ocrx_word' id='word_1_74' title='bbox 1120 2618 1207 2689; x_wconf 88' lang='lat' dir='ltr'>indo:</span> <span class='ocrx_word' id='word_1_75' title='bbox 1227 2619 1387 2690; x_wconf 86' lang='lat' dir='ltr'>Decorum</span> 
     </span>
    </p>
   </div>
   <div class='ocr_carea' id='block_1_5' title="bbox 527 2743 1414 3480">
    <p class='ocr_par' dir='ltr' id='par_1_7' title="bbox 527 2743 1414 3336">
     <span class='ocr_line' id='line_1_14' title="bbox 527 2743 1329 2836; baseline 0 -22"><span class='ocrx_word' id='word_1_76' title='bbox 527 2744 606 2814; x_wconf 88' lang='lat' dir='ltr'>Esse</span> <span class='ocrx_word' id='word_1_77' title='bbox 625 2743 696 2825; x_wconf 89' lang='lat' dir='ltr'>sibi,</span> <span class='ocrx_word' id='word_1_78' title='bbox 714 2752 860 2815; x_wconf 83' lang='lat' dir='ltr'>externae</span> <span class='ocrx_word' id='word_1_79' title='bbox 878 2763 985 2814; x_wconf 92' lang='lat' dir='ltr'>coram</span> <span class='ocrx_word' id='word_1_80' title='bbox 1003 2764 1037 2813; x_wconf 88' lang='lat' dir='ltr'>sc</span> <span class='ocrx_word' id='word_1_81' title='bbox 1056 2763 1226 2834; x_wconf 88' lang='lat' dir='ltr'>agnoscere</span> <span class='ocrx_word' id='word_1_82' title='bbox 1244 2744 1329 2836; x_wconf 90' lang='lat' dir='ltr'>regis</span> 
     </span>
     <span class='ocr_line' id='line_1_15' title="bbox 528 2849 1401 2961; baseline 0 -21"><span class='ocrx_word' id='word_1_83' title='bbox 528 2870 661 2961; x_wconf 81' lang='lat' dir='ltr'>Legatos</span> <span class='ocrx_word' id='word_1_84' title='bbox 679 2868 758 2939; x_wconf 86' lang='lat' dir='ltr'>adeo</span> <span class='ocrx_word' id='word_1_85' title='bbox 776 2869 862 2951; x_wconf 91' lang='lat' dir='ltr'>clari,</span> <span class='ocrx_word' id='word_1_86' title='bbox 883 2869 1047 2960; x_wconf 85' lang='lat' dir='ltr'>gentisque</span> <span class='ocrx_word' id='word_1_87' title='bbox 1066 2878 1222 2952; x_wconf 88' lang='lat' dir='ltr'>remotae;</span> <span class='ocrx_word' id='word_1_88' title='bbox 1397 2849 1401 2860; x_wconf 60' lang='grc'><em>’</em></span> 
     </span>
     <span class='ocr_line' id='line_1_16' title="bbox 528 2993 1335 3097; baseline 0 -33"><span class='ocrx_word' id='word_1_89' title='bbox 528 2993 570 3064; x_wconf 82' lang='lat' dir='ltr'>dt</span> <span class='ocrx_word' id='word_1_90' title='bbox 588 3013 761 3097; x_wconf 88' lang='lat' dir='ltr'>nonpossc</span> <span class='ocrx_word' id='word_1_91' title='bbox 779 3002 882 3063; x_wconf 74' lang='lat' dir='ltr'>nmen</span> <span class='ocrx_word' id='word_1_92' title='bbox 900 3013 973 3064; x_wconf 82' lang='lat' dir='ltr'>mox</span> <span class='ocrx_word' id='word_1_93' title='bbox 991 3013 1025 3064; x_wconf 91' lang='lat' dir='ltr'>se</span> <span class='ocrx_word' id='word_1_94' title='bbox 1043 2993 1215 3065; x_wconf 86' lang='lat' dir='ltr'>decernere</span> <span class='ocrx_word' id='word_1_95' title='bbox 1232 2993 1335 3065; x_wconf 90' lang='lat' dir='ltr'>solum</span> 
     </span>
     <span class='ocr_line' id='line_1_17' title="bbox 528 3118 1414 3210; baseline 0.005 -24"><span class='ocrx_word' id='word_1_96' title='bbox 528 3118 611 3204; x_wconf 86' lang='lat' dir='ltr'>Quid</span> <span class='ocrx_word' id='word_1_97' title='bbox 630 3118 755 3189; x_wconf 86' lang='lat' dir='ltr'>deceat:</span> <span class='ocrx_word' id='word_1_98' title='bbox 775 3139 809 3188; x_wconf 89' lang='lat' dir='ltr'>sa</span> <span class='ocrx_word' id='word_1_99' title='bbox 827 3119 907 3188; x_wconf 86' lang='lat' dir='ltr'>vella</span> <span class='ocrx_word' id='word_1_100' title='bbox 925 3126 1030 3209; x_wconf 89' lang='lat' dir='ltr'>patres</span> <span class='ocrx_word' id='word_1_101' title='bbox 1048 3127 1253 3210; x_wconf 88' lang='lat' dir='ltr'>sanctumque</span> <span class='ocrx_word' id='word_1_102' title='bbox 1271 3128 1414 3190; x_wconf 88' lang='lat' dir='ltr'>sonatum</span> 
     </span>
     <span class='ocr_line' id='line_1_18' title="bbox 530 3243 1253 3336; baseline 0.003 -22"><span class='ocrx_word' id='word_1_103' title='bbox 530 3243 731 3315; x_wconf 86' lang='lat' dir='ltr'>Consuluisse</span> <span class='ocrx_word' id='word_1_104' title='bbox 748 3245 848 3334; x_wconf 90' lang='lat' dir='ltr'>prius,</span> <span class='ocrx_word' id='word_1_105' title='bbox 868 3252 953 3315; x_wconf 89' lang='lat' dir='ltr'>certa</span> <span class='ocrx_word' id='word_1_106' title='bbox 971 3245 1093 3316; x_wconf 89' lang='lat' dir='ltr'>ratione</span> <span class='ocrx_word' id='word_1_107' title='bbox 1112 3246 1183 3336; x_wconf 90' lang='lat' dir='ltr'>quis</span> <span class='ocrx_word' id='word_1_108' title='bbox 1201 3246 1253 3316; x_wconf 89' lang='lat' dir='ltr'>ilie</span> 
     </span>
    </p>

    <p class='ocr_par' dir='ltr' id='par_1_8' title="bbox 529 3367 1410 3480">
     <span class='ocr_line' id='line_1_19' title="bbox 529 3367 1410 3480; baseline 0 -42"><span class='ocrx_word' id='word_1_109' title='bbox 529 3369 596 3438; x_wconf 82' lang='lat' dir='ltr'>Rex</span> <span class='ocrx_word' id='word_1_110' title='bbox 614 3377 696 3438; x_wconf 89' lang='lat' dir='ltr'>osset</span> <span class='ocrx_word' id='word_1_111' title='bbox 714 3367 844 3448; x_wconf 82' lang='lat' dir='ltr'>Lusum,</span> <span class='ocrx_word' id='word_1_112' title='bbox 865 3388 945 3458; x_wconf 85' lang='lat' dir='ltr'>quae</span> <span class='ocrx_word' id='word_1_113' title='bbox 965 3368 1221 3480; x_wconf 44' lang='lat' dir='ltr'>gens&#39;iortisque,</span> <span class='ocrx_word' id='word_1_114' title='bbox 1240 3369 1410 3440; x_wconf 80' lang='lat' dir='ltr'>durandus.</span> 
     </span>
    </p>
   </div>
   <div class='ocr_carea' id='block_1_6' title="bbox 987 3725 1065 3788">
    <p class='ocr_par' dir='ltr' id='par_1_9' title="bbox 987 3725 1065 3788">
     <span class='ocr_line' id='line_1_20' title="bbox 987 3725 1065 3788; baseline 0.013 -1"><span class='ocrx_word' id='word_1_115' title='bbox 987 3725 1065 3788; x_wconf 83' lang='lat' dir='ltr'>va</span> 
     </span>
    </p>
   </div>
   <div class='ocr_carea' id='block_1_7' title="bbox 530 3988 1405 4949">
    <p class='ocr_par' dir='ltr' id='par_1_10' title="bbox 530 3988 1401 4453">
     <span class='ocr_line' id='line_1_21' title="bbox 530 3988 1258 4070; baseline 0 -10"><span class='ocrx_word' id='word_1_116' title='bbox 530 3991 603 4070; x_wconf 89' lang='lat' dir='ltr'>Iret,</span> <span class='ocrx_word' id='word_1_117' title='bbox 623 3998 654 4060; x_wconf 90' lang='lat' dir='ltr'>et</span> <span class='ocrx_word' id='word_1_118' title='bbox 672 3989 792 4058; x_wconf 91' lang='lat' dir='ltr'>interea</span> <span class='ocrx_word' id='word_1_119' title='bbox 811 3997 972 4058; x_wconf 87' lang='lat' dir='ltr'>recrearet</span> <span class='ocrx_word' id='word_1_120' title='bbox 989 3988 1133 4058; x_wconf 89' lang='lat' dir='ltr'>membra</span> <span class='ocrx_word' id='word_1_121' title='bbox 1151 3989 1258 4060; x_wconf 87' lang='lat' dir='ltr'>labore</span> 
     </span>
     <span class='ocr_line' id='line_1_22' title="bbox 530 4111 1307 4203; baseline -0.001 -18"><span class='ocrx_word' id='word_1_122' title='bbox 530 4114 703 4186; x_wconf 87' lang='lat' dir='ltr'>Praeterito</span> <span class='ocrx_word' id='word_1_123' title='bbox 721 4112 851 4184; x_wconf 89' lang='lat' dir='ltr'>lassata:</span> <span class='ocrx_word' id='word_1_124' title='bbox 871 4111 961 4183; x_wconf 89' lang='lat' dir='ltr'>bravi</span> <span class='ocrx_word' id='word_1_125' title='bbox 979 4133 1130 4203; x_wconf 85' lang='lat' dir='ltr'>responsa</span> <span class='ocrx_word' id='word_1_126' title='bbox 1147 4115 1307 4195; x_wconf 91' lang='lat' dir='ltr'>daturum,</span> 
     </span>
     <span class='ocr_line' id='line_1_23' title="bbox 530 4237 1401 4329; baseline 0 -21"><span class='ocrx_word' id='word_1_127' title='bbox 530 4240 618 4325; x_wconf 85' lang='lat' dir='ltr'>Quae</span> <span class='ocrx_word' id='word_1_128' title='bbox 636 4239 734 4329; x_wconf 88' lang='lat' dir='ltr'>possit</span> <span class='ocrx_word' id='word_1_129' title='bbox 752 4246 910 4328; x_wconf 90' lang='lat' dir='ltr'>prompte,</span> <span class='ocrx_word' id='word_1_130' title='bbox 931 4238 1099 4308; x_wconf 88' lang='lat' dir='ltr'>commisso</span> <span class='ocrx_word' id='word_1_131' title='bbox 1116 4257 1247 4309; x_wconf 87' lang='lat' dir='ltr'>munera</span> <span class='ocrx_word' id='word_1_132' title='bbox 1264 4237 1401 4320; x_wconf 84' lang='lat' dir='ltr'>iunctm,</span> 
     </span>
     <span class='ocr_line' id='line_1_24' title="bbox 530 4360 1279 4453; baseline 0 -21"><span class='ocrx_word' id='word_1_133' title='bbox 530 4364 610 4453; x_wconf 83' lang='lat' dir='ltr'>Regi</span> <span class='ocrx_word' id='word_1_134' title='bbox 629 4365 679 4432; x_wconf 92' lang='lat' dir='ltr'>cui</span> <span class='ocrx_word' id='word_1_135' title='bbox 696 4371 787 4453; x_wconf 89' lang='lat' dir='ltr'>paret</span> <span class='ocrx_word' id='word_1_136' title='bbox 805 4370 891 4431; x_wconf 88' lang='lat' dir='ltr'>certe</span> <span class='ocrx_word' id='word_1_137' title='bbox 908 4360 993 4432; x_wconf 88' lang='lat' dir='ltr'>haud</span> <span class='ocrx_word' id='word_1_138' title='bbox 1010 4361 1131 4451; x_wconf 88' lang='lat' dir='ltr'>ingrata</span> <span class='ocrx_word' id='word_1_139' title='bbox 1148 4361 1279 4432; x_wconf 83' lang='lat' dir='ltr'>reterre.</span> 
     </span>
    </p>

    <p class='ocr_par' dir='ltr' id='par_1_11' title="bbox 530 4483 1246 4577">
     <span class='ocr_line' id='line_1_25' title="bbox 530 4483 1246 4577; baseline -0.004 -20"><span class='ocrx_word' id='word_1_140' title='bbox 530 4486 572 4558; x_wconf 83' lang='lat' dir='ltr'>m</span> <span class='ocrx_word' id='word_1_141' title='bbox 586 4485 653 4577; x_wconf 87' lang='lat' dir='ltr'>jam</span> <span class='ocrx_word' id='word_1_142' title='bbox 670 4507 731 4556; x_wconf 86' lang='lat' dir='ltr'>nox</span> <span class='ocrx_word' id='word_1_143' title='bbox 749 4485 840 4556; x_wconf 89' lang='lat' dir='ltr'>solito</span> <span class='ocrx_word' id='word_1_144' title='bbox 859 4483 1015 4556; x_wconf 88' lang='lat' dir='ltr'>statuebat</span> <span class='ocrx_word' id='word_1_145' title='bbox 1033 4485 1132 4555; x_wconf 90' lang='lat' dir='ltr'>limite</span> <span class='ocrx_word' id='word_1_146' title='bbox 1150 4485 1246 4556; x_wconf 85' lang='lat' dir='ltr'>tinam</span> 
     </span>
    </p>

    <p class='ocr_par' dir='ltr' id='par_1_12' title="bbox 531 4608 1405 4949">
     <span class='ocr_line' id='line_1_26' title="bbox 531 4608 1405 4700; baseline 0.002 -20"><span class='ocrx_word' id='word_1_147' title='bbox 531 4609 624 4681; x_wconf 81' lang='lat' dir='ltr'>Carris</span> <span class='ocrx_word' id='word_1_148' title='bbox 642 4619 735 4700; x_wconf 86' lang='lat' dir='ltr'>atque</span> <span class='ocrx_word' id='word_1_149' title='bbox 754 4611 860 4699; x_wconf 90' lang='lat' dir='ltr'>operis</span> <span class='ocrx_word' id='word_1_150' title='bbox 878 4608 1057 4678; x_wconf 89' lang='lat' dir='ltr'>hominum:</span> <span class='ocrx_word' id='word_1_151' title='bbox 1079 4629 1172 4700; x_wconf 91' lang='lat' dir='ltr'>sopor</span> <span class='ocrx_word' id='word_1_152' title='bbox 1190 4609 1300 4700; x_wconf 89' lang='lat' dir='ltr'>irrigat</span> <span class='ocrx_word' id='word_1_153' title='bbox 1318 4618 1405 4682; x_wconf 91' lang='lat' dir='ltr'>artus</span> 
     </span>
     <span class='ocr_line' id='line_1_27' title="bbox 531 4732 1346 4824; baseline 0 -20"><span class='ocrx_word' id='word_1_154' title='bbox 531 4733 650 4813; x_wconf 73' lang='lat' dir='ltr'>Dulcis</span> <span class='ocrx_word' id='word_1_155' title='bbox 670 4742 705 4802; x_wconf 93' lang='lat' dir='ltr'>ut</span> <span class='ocrx_word' id='word_1_156' title='bbox 723 4753 890 4824; x_wconf 87' lang='lat' dir='ltr'>oppressos</span> <span class='ocrx_word' id='word_1_157' title='bbox 907 4732 1030 4814; x_wconf 78' lang='lat' dir='ltr'>studiis</span> <span class='ocrx_word' id='word_1_158' title='bbox 1050 4733 1210 4824; x_wconf 84' lang='lat' dir='ltr'>fossosque</span> <span class='ocrx_word' id='word_1_159' title='bbox 1229 4733 1346 4815; x_wconf 90' lang='lat' dir='ltr'>labore,</span> 
     </span>
     <span class='ocr_line' id='line_1_28' title="bbox 531 4857 1384 4949; baseline -0.002 -20"><span class='ocrx_word' id='word_1_160' title='bbox 531 4857 680 4929; x_wconf 87' lang='lat' dir='ltr'>Mortales</span> <span class='ocrx_word' id='word_1_161' title='bbox 698 4857 829 4938; x_wconf 81' lang='lat' dir='ltr'>relevet,</span> <span class='ocrx_word' id='word_1_162' title='bbox 850 4857 1004 4948; x_wconf 86' lang='lat' dir='ltr'>placidum</span> <span class='ocrx_word' id='word_1_163' title='bbox 1022 4859 1217 4949; x_wconf 79' lang='lat' dir='ltr'>adducetque</span> <span class='ocrx_word' id='word_1_164' title='bbox 1235 4859 1384 4948; x_wconf 86' lang='lat' dir='ltr'>quietem.</span> 
     </span>
    </p>
   </div>
   <div class='ocr_carea' id='block_1_8' title="bbox 0 0 1709 5372">
    <p class='ocr_par' dir='ltr' id='par_1_13' title="bbox 0 0 1709 5372">
     <span class='ocr_line' id='line_1_29' title="bbox 0 0 1709 5372; baseline 0 0"><span class='ocrx_word' id='word_1_165' title='bbox 0 0 1709 5372; x_wconf 95' lang='lat' dir='ltr'> </span> 
     </span>
    </p>
   </div>
  </div>
 </body>
</html>
