3394 5372
595 454 684 498 LIBER
702 452 819 499 SEXTUS

648 709 763 772 xtvm

209 972 331 1063 Anglus
348 972 410 1052 hio,
432 973 555 1041 illarum
573 971 693 1041 nollens
712 970 880 1040 defendere
900 991 1037 1050 cainam,

208 1097 256 1166 Ne
274 1095 411 1166 traheret
429 1097 547 1186 patrias
565 1095 668 1165 studia
689 1096 720 1162 in
739 1096 897 1163 contraria
915 1104 1034 1185 gentes,

209 1222 262 1291 Sie
280 1222 340 1290 ait:
361 1201 588 1311 imperii'duro
607 1239 706 1310 quum
725 1220 824 1288 Marte
843 1221 968 1310 poposci

209 1345 285 1415 Jura
303 1345 378 1424 mei,
397 1344 480 1414 helio
499 1344 663 1434 Hesperiis
682 1352 841 1433 grassatus
861 1343 892 1412 in
911 1344 987 1422 oris,

209 1470 381 1540 Lusiadum
399 1470 463 1539 vidi
483 1477 547 1538 tam
566 1469 657 1538 sortia
676 1479 803 1558 pectora
821 1469 916 1549 helio,

211 1591 355 1662 officiosa
375 1592 478 1672 simul,
500 1593 622 1662 eunetis
641 1611 829 1682 semperque
847 1590 993 1680 benigna,

210 1718 254 1789 Ut
274 1739 347 1788 rear
364 1719 421 1788 hos
440 1727 561 1788 tantum
579 1717 624 1806 (ni
644 1737 696 1787 me
714 1719 867 1786 sententia
886 1716 976 1805 saliit)

213 1843 360 1912 Vestrum
379 1862 470 1934 posse
488 1843 585 1912 decus
604 1841 752 1932 ferroque
771 1841 901 1934 ignique
921 1841 1015 1910 tueri.

385 2129 400 2186 Ι
662 2201 754 2262 XLIX

212 2465 246 2533 Si
266 2464 355 2533 vobis
374 2464 506 2554 placeat,
528 2483 605 2553 quas
613 2439 707 2532 'tanta
726 2461 839 2551 injuria
858 2463 960 2541 laesit,

212 2589 295 2658 Eece
313 2609 373 2678 ego
388 2587 454 2678 jam
472 2588 594 2656 mittam
613 2605 692 2677 quae
711 2585 817 2657 nuntia
836 2594 923 2654 certo
940 2593 1102 2675 reportent

212 2712 299 2794 illue,
319 2732 378 2802 pro
396 2711 496 2791 vohis,
517 2711 594 2780 fidas
612 2710 803 2803 blandasque
821 2709 977 2789 tabelias„

213 2837 300 2921 Quae
319 2836 452 2905 doceant
470 2835 567 2905 vestri
583 2836 667 2925 iusta
686 2843 870 2924 argumenta
890 2834 1017 2905 doloris.

212 2959 277 3028 Vos
295 2979 423 3049 quoque
440 2979 479 3028 ne
498 2958 625 3028 calamis
644 2957 810 3028 scribendo
830 2957 982 3038 absistite,
1002 2957 1099 3042 verba

212 3083 327 3153 Addite
344 3083 470 3163 blanda,
490 3083 571 3153 faces
590 3082 747 3164 adhibete,
768 3082 929 3151 aoeendite
948 3083 1107 3154 dammas:

213 3209 332 3278 Parcite
352 3228 409 3277 neo
428 3207 587 3296 lacrymis;
607 3227 681 3276 nam
700 3227 771 3297 spes
788 3206 866 3276 mihi
886 3215 980 3286 certa,
1002 3205 1126 3276 futuros

213 3335 278 3403 Hos
296 3334 394 3402 vestri
413 3333 545 3413 decurio
566 3333 702 3423 clypeos,
723 3342 755 3402 et
773 3333 871 3402 sulem
891 3332 1032 3422 pudoris.

697 3693 720 3752 L

214 3958 281 4026 Hoo
298 3956 352 4026 dat
370 3955 536 4026 consilium
554 3955 618 4024 dou
637 3955 802 4046 providus:
824 3955 939 4044 ittaque
958 3954 1074 4044 promit

212 4081 356 4162 Nomina,
376 4101 456 4170 quae
475 4081 598 4169 signant
617 4080 790 4162 duodenos,
812 4079 941 4149 fulmina
960 4078 1045 4158 belii,

212 4206 373 4286 Lusiadas‚
394 4216 430 4275 ut
449 4207 540 4296 virgo
559 4227 653 4276 suum
672 4207 730 4276 sibi
750 4227 893 4296 quaeque
912 4205 1091 4274 ministrum

213 4331 354 4412 invocet3
376 4331 493 4399 ineerta
512 4330 710 4399 committere
728 4329 854 4398 nomina
873 4329 950 4398 sorti

212 4454 366 4544 Imperat:
388 4453 458 4522 illae
478 4453 576 4544 igitur
595 4453 739 4523 duodeno
758 4452 859 4521 limite
878 4452 1012 4530 clausae,

211 4579 256 4650 Ut
276 4579 376 4670 patuit
395 4600 491 4669 quem
509 4600 654 4669 quaeque
673 4599 766 4650 suum
785 4577 846 4648 sihi
865 4575 995 4666 deligat,
1017 4576 1061 4644 iili

212 4707 365 4796 Quaeque
384 4705 451 4774 suis
469 4705 579 4774 soribit
599 4705 718 4784 verbis;
739 4705 924 4794 Regemque
943 4711 1113 4793 precantur

211 4833 338 4922 Seripto
357 4851 467 4900 omnes
486 4832 614 4920 ipsium3
637 4831 736 4900 Lusos
755 4829 819 4900 dux
837 4831 950 4899 excitat
969 4848 1088 4898 omnes.
