3394 5372
905 505 1062 554 toaluoul:

950 763 1013 824 XXI

489 1023 548 1092 Hic
567 1021 724 1112 cambria,
745 1023 834 1094 lorox
852 1024 1031 1116 opibusque
1050 1032 1081 1096 et
1099 1025 1214 1097 robore
1229 1047 1379 1119 reguum,

489 1145 595 1238 (Quod
613 1147 715 1217 tortor
732 1149 872 1219 tenuisse
890 1150 989 1220 Porus
1008 1171 1065 1220 rex
1083 1151 1220 1242 inclytos
1239 1151 1352 1246 armis)

490 1271 550 1340 Hic
567 1272 723 1362 Narsiuga
742 1282 865 1364 potens,
886 1273 1047 1364 uitirlcque
1065 1275 1201 1346 leracior
1218 1297 1307 1359 auro,

489 1395 530 1466 Et
549 1397 698 1486 gemmis,
718 1417 813 1488 quam
831 1398 910 1468 ssorc
929 1401 1045 1480 virilu,
1067 1420 1162 1491 quarn
1182 1399 1297 1471 robore
1315 1403 1427 1493 geutIs.

491 1523 551 1592 Htc
569 1523 680 1613 procul
698 1525 848 1614 aspicitur
866 1525 981 1594 tumidi
996 1526 1036 1596 de
1055 1535 1147 1616 parte
1164 1527 1314 1620 profundi

491 1619 674 1718 Excurreus
693 1648 768 1718 celsi
787 1651 888 1720 moles
906 1650 1086 1740 longissima
1105 1653 1233 1734 montis,

493 1772 580 1855 Quae
599 1771 748 1843 Malabari
767 1781 833 1845 tuta
851 1774 990 1868 undique
1007 1776 1130 1846 moeuia
1149 1783 1303 1868 praestat,

494 1893 521 1965 Α
540 1895 680 1968 Cauarae
698 1899 800 1989 gentis
817 1899 938 1969 riciuae
956 1899 1139 1972 iucursibus
1157 1900 1266 1971 hostis.

944 2256 1032 2319 XXIII

496 2517 662 2608 ludigeuae
681 2519 793 2589 Gateur
811 2519 982 2610 appellant:
1004 2519 1165 2590 radicibus
1183 2520 1255 2589 iuris

497 2641 588 2712 Haud
606 2641 717 2732 procul
737 2663 908 2733 erumpens
928 2643 1087 2733 procurrit
1104 2645 1137 2712 in
1156 2663 1293 2734 aequora
1309 2643 1428 2714 Ilmbus

497 2767 618 2838 Liruitis
638 2769 774 2858 augusti,
793 2768 898 2859 pelagi
916 2768 1002 2839 velut
1019 2767 1132 2839 obrius
1152 2769 1229 2850 irae,

497 2891 668 2981 lunatoque
686 2902 777 2982 parat
795 2913 868 2962 sese
887 2890 1046 2981 obiectare
1065 2891 1176 2962 lurori.

497 3017 624 3087 Euriuet
641 3018 704 3098 hic,
725 3020 873 3108 iutcrque
891 3016 970 3086 alios
988 3016 1141 3087 attollitur
1159 3015 1269 3098 urbes,

498 3141 564 3211 Nee
583 3142 679 3212 dubia
697 3150 746 3211 est
765 3144 914 3233 culquam
932 3141 1076 3222 victoria,
1096 3139 1296 3223 Caleeutum;

500 3266 629 3356 Imperii
646 3267 724 3336 haec
743 3267 865 3336 illustre
883 3274 989 3356 caput,
1008 3265 1220 3356 pulcherrima
1239 3267 1322 3346 vIsu,

498 3389 594 3460 Dives
612 3411 724 3481 opum:
744 3391 891 3461 dominus
909 3389 1096 3460 Zamoriuus
1115 3389 1231 3460 dicitur
1248 3388 1347 3459 urbis,

954 3751 1032 3812 XXII

502 4014 573 4084 Iam
591 4014 674 4084 veuti
694 4015 880 4104 appulerant
898 4013 1045 4103 opulenta
1065 4015 1105 4082 ad
1124 4013 1228 4082 littora
1247 4013 1394 4094 classem,

503 4135 725 4234 Quumsducis‘
737 4139 870 4230 imperio
888 4139 979 4208 lusos
997 4158 1071 4208 mox
1088 4137 1218 4206 nuutios
1236 4145 1307 4207 aute

502 4264 649 4345 Mittitur,
668 4271 705 4332 ot
724 4284 835 4355 regern
853 4263 974 4343 invisat,
995 4262 1169 4352 doceatque
1187 4261 1298 4332 venire

503 4389 538 4458 lu
556 4396 622 4458 tam
641 4389 798 4479 sepositos
816 4389 919 4478 patrio
938 4407 973 4457 se
990 4387 1095 4457 littore
1112 4395 1233 4476 portus.

396 4521 405 4536 ‘
503 4513 635 4584 Flumen
654 4521 688 4583 ut
706 4513 880 4602 ingressus,
900 4511 1003 4602 pelagi
1022 4513 1108 4602 quod
1126 4509 1277 4581 fluctibus
1295 4509 1358 4578 illie

504 4637 667 4718 Miscetur,
687 4637 809 4726 species
827 4637 928 4707 oculs
944 4635 1029 4705 haud
1047 4635 1171 4726 cognita
1191 4635 1306 4713 cultus,

505 4762 712 4851 lusuetusque
731 4761 827 4843 color,
848 4769 1031 4852 gestusque,
1050 4753 1220 4850 i'guotaque
1238 4759 1358 4847 lingua,

505 4887 602 4970 illios,
623 4886 786 4956 attouitaru
805 4885 865 4955 ciet
884 4885 916 4954 iu
936 4885 1113 4972 spectacula
1131 4883 1268 4953 turbam.
