3440 5392
579 449 668 497 latranti
686 449 844 497 scct'rtutts

662 673 757 769 amr

211 968 250 1038 Vi
268 969 441 1058 compulsa,
461 971 537 1037 ratis
554 977 640 1038 retro
658 969 752 1051 redit,
772 978 803 1039 et
821 989 923 1060 neque
942 971 1053 1054 virtus,

211 1092 276 1162 Nec
291 1092 382 1183 juvat
400 1113 451 1162 ars
470 1093 653 1182 qaisquam
675 1101 842 1163 nautarum
860 1094 962 1165 sidera
980 1116 1073 1166 voees

211 1216 404 1296 Ferentium,
425 1225 457 1286 et
476 1215 544 1286 vela
563 1227 701 1298 movent,
721 1237 817 1308 opere
837 1221 941 1288 omnia
960 1219 1089 1300 fervent,

210 1340 336 1410 Mobilis
354 1342 449 1430 inque
467 1342 548 1410 latus
565 1351 709 1412 versatur
729 1341 832 1412 clavus
844 1341 1031 1434 utrumque:

211 1464 350 1535 Callidus
368 1439 526 1536 incassum
544 1467 656 1536 clamat
675 1467 713 1536 de
732 1487 838 1558 puppe
856 1469 1019 1558 magister,

210 1591 354 1680 Namque
373 1589 498 1660 obstare
515 1591 601 1660 videt
620 1611 735 1682 rupem
754 1591 878 1662 exitiale
897 1593 1071 1663 minantem

155 1805 160 1814 .
210 1714 426 1805 Naufragium,
446 1735 506 1784 nee
524 1735 616 1805 posse
635 1725 724 1806 putat
742 1715 911 1788 deflectere
929 1737 1042 1788 navem

211 1839 292 1922 Quin
313 1839 416 1909 trahat
435 1839 607 1930 ingentem,
628 1840 694 1914 lata
715 1860 876 1932 compage,
896 1843 1029 1911 ruinam.

666 2200 747 2264 XXV

208 2464 359 2532 Miscetur
377 2467 464 2532 vario
483 2463 606 2533 turbata
625 2463 814 2534 celeusmate
832 2465 963 2555 puppis:

207 2588 446 2678 Nautarumque
463 2588 559 2658 rudes
576 2607 690 2678 operae
709 2589 898 2659 clamoribus
916 2591 1043 2672 instant;

206 2711 346 2781 Perculit
366 2711 509 2781 insolitus
526 2712 709 2782 Maurorum
726 2721 854 2803 pectora
872 2712 1000 2793 clamor,

207 2835 275 2906 Cen
293 2835 420 2905 misceri
438 2836 522 2906 acies
539 2836 675 2907 violento
693 2837 793 2907 Marte
810 2837 971 2918 viderent;

206 2959 449 3050 turbarumque
468 2960 564 3030 latent
583 2968 668 3030 tanto
686 2961 719 3030 in
736 2961 905 3030 certamine
925 2980 1046 3042 causae,

206 3085 273 3158 Nec
291 3093 426 3156 cernunt
443 3085 496 3176 qui
515 3094 652 3175 praestet
669 3106 774 3176 opem,
795 3085 923 3176 cujusve
942 3086 1103 3175 requirant

207 3209 380 3289 Auxilium,
401 3208 596 3300 creduntque
614 3208 714 3290 dolos,
733 3220 882 3302 astusque
900 3219 1019 3301 patere,

206 3334 467 3424 Suppliciumque
484 3342 595 3423 putant
613 3334 742 3404 sceleris
759 3355 956 3424 poenamque
974 3335 1089 3425 parari.

654 3695 748 3757 xxvt

203 3959 252 4028 En
267 3959 371 4028 subito
390 3957 422 4027 in
441 3957 559 4028 celeres
575 3958 692 4027 velocia
712 3978 843 4048 corpora
862 3959 942 4028 saltu

202 4082 350 4172 lnjioiunt
368 4083 487 4162 lintres,
508 4102 587 4172 quos
605 4082 739 4172 quisque
759 4082 790 4150 in
809 4081 912 4151 littora
931 4101 1039 4150 secum

203 4207 361 4290 Duxerat3
383 4217 430 4278 ast
448 4207 517 4278 allis
534 4207 718 4278 salientibus
735 4209 820 4277 exilit
838 4209 901 4278 irno

201 4333 349 4402 Eroitum
368 4332 510 4422 pelagus
529 4332 704 4420 sternitque
721 4331 900 4402 natantibus
917 4331 1029 4412 undas

203 4455 386 4546 Periugimn
404 4456 545 4537 miseris3
566 4455 663 4525 latere
682 4475 721 4524 ex
738 4465 874 4546 utroque
893 4456 1032 4525 vicissim

202 4581 371 4661 Desiliunt,
392 4580 467 4650 lethi
485 4601 634 4671 praesens
651 4589 755 4650 metus
774 4582 887 4650 excitat
905 4601 1031 4651 omnes:

200 4707 343 4776 Praestat
361 4716 393 4776 et
412 4707 531 4776 incerto
549 4706 646 4775 vitam
664 4706 861 4774 committere
878 4713 985 4794 ponto,

201 4831 304 4916 Quam
323 4850 392 4900 seso
412 4829 515 4900 laostili
535 4829 692 4899 Lusorum
711 4829 840 4900 credere
859 4829 954 4917 genti.
