<?xml version="1.0" encoding="UTF-8"?>
<!DOCTYPE html PUBLIC "-//W3C//DTD XHTML 1.0 Transitional//EN"
    "http://www.w3.org/TR/xhtml1/DTD/xhtml1-transitional.dtd">
<html xmlns="http://www.w3.org/1999/xhtml" xml:lang="en" lang="en">
 <head>
  <title>
</title>
<meta http-equiv="Content-Type" content="text/html;charset=utf-8" />
  <meta name='ocr-system' content='tesseract 3.04.00' />
  <meta name='ocr-capabilities' content='ocr_page ocr_carea ocr_par ocr_line ocrx_word'/>
</head>
<body>
  <div class='ocr_page' id='page_1' title='image "./alusiadadeluizd00deslgoog_0306.png"; bbox 0 0 3394 5372; ppageno 0'>
   <div class='ocr_carea' id='block_1_1' title="bbox 574 521 829 569">
    <p class='ocr_par' dir='ltr' id='par_1_1' title="bbox 574 521 829 569">
     <span class='ocr_line' id='line_1_1' title="bbox 574 521 829 569; baseline 0.004 -3"><span class='ocrx_word' id='word_1_1' title='bbox 574 521 662 567; x_wconf 79' lang='lat' dir='ltr'><strong>ttttttn</strong></span> <span class='ocrx_word' id='word_1_2' title='bbox 682 522 829 569; x_wconf 79' lang='lat' dir='ltr'>SEPTIMUS</span> 
     </span>
    </p>
   </div>
   <div class='ocr_carea' id='block_1_2' title="bbox 676 781 727 842">
    <p class='ocr_par' dir='ltr' id='par_1_2' title="bbox 676 781 727 842">
     <span class='ocr_line' id='line_1_2' title="bbox 676 781 727 842; baseline 0 0"><span class='ocrx_word' id='word_1_3' title='bbox 676 781 727 842; x_wconf 88' lang='lat' dir='ltr'><strong>tx</strong></span> 
     </span>
    </p>
   </div>
   <div class='ocr_carea' id='block_1_3' title="bbox 204 1041 1047 2000">
    <p class='ocr_par' dir='ltr' id='par_1_3' title="bbox 205 1041 1047 1380">
     <span class='ocr_line' id='line_1_3' title="bbox 205 1041 1030 1132; baseline 0 -20"><span class='ocrx_word' id='word_1_4' title='bbox 205 1041 335 1132; x_wconf 87' lang='lat' dir='ltr'><strong>Magnus</strong></span> <span class='ocrx_word' id='word_1_5' title='bbox 353 1041 408 1132; x_wconf 93' lang='lat' dir='ltr'><strong>qui</strong></span> <span class='ocrx_word' id='word_1_6' title='bbox 427 1042 520 1112; x_wconf 89' lang='lat' dir='ltr'><strong>vastis</strong></span> <span class='ocrx_word' id='word_1_7' title='bbox 537 1043 688 1132; x_wconf 84' lang='lat' dir='ltr'><strong>Princeps</strong></span> <span class='ocrx_word' id='word_1_8' title='bbox 706 1042 885 1113; x_wconf 82' lang='lat' dir='ltr'>dominatur</span> <span class='ocrx_word' id='word_1_9' title='bbox 905 1045 936 1112; x_wconf 93' lang='lat' dir='ltr'><strong>in</strong></span> <span class='ocrx_word' id='word_1_10' title='bbox 955 1046 1030 1124; x_wconf 76' lang='lat' dir='ltr'><strong>oric,</strong></span> 
     </span>
     <span class='ocr_line' id='line_1_4' title="bbox 205 1163 1047 1258; baseline 0.002 -24"><span class='ocrx_word' id='word_1_11' title='bbox 205 1163 339 1234; x_wconf 83' lang='lat' dir='ltr'><strong>Caelum</strong></span> <span class='ocrx_word' id='word_1_12' title='bbox 355 1165 423 1246; x_wconf 93' lang='lat' dir='ltr'><strong>ubi,</strong></span> <span class='ocrx_word' id='word_1_13' title='bbox 442 1174 596 1256; x_wconf 87' lang='lat' dir='ltr'><strong>perpetuo</strong></span> <span class='ocrx_word' id='word_1_14' title='bbox 614 1186 710 1256; x_wconf 88' lang='lat' dir='ltr'><strong>super</strong></span> <span class='ocrx_word' id='word_1_15' title='bbox 727 1187 784 1236; x_wconf 85' lang='lat' dir='ltr'><strong>ane</strong></span> <span class='ocrx_word' id='word_1_16' title='bbox 801 1167 940 1237; x_wconf 82' lang='lat' dir='ltr'><strong>volrubile</strong></span> <span class='ocrx_word' id='word_1_17' title='bbox 960 1187 1047 1258; x_wconf 87' lang='lat' dir='ltr'><strong>gyro,</strong></span> 
     </span>
     <span class='ocr_line' id='line_1_5' title="bbox 206 1289 911 1380; baseline 0.006 -22"><span class='ocrx_word' id='word_1_18' title='bbox 206 1289 379 1359; x_wconf 83' lang='lat' dir='ltr'><strong>Terrarum</strong></span> <span class='ocrx_word' id='word_1_19' title='bbox 397 1289 523 1380; x_wconf 89' lang='lat' dir='ltr'><strong>objectu</strong></span> <span class='ocrx_word' id='word_1_20' title='bbox 540 1291 653 1360; x_wconf 85' lang='lat' dir='ltr'><strong>sclaria</strong></span> <span class='ocrx_word' id='word_1_21' title='bbox 670 1291 788 1361; x_wconf 91' lang='lat' dir='ltr'><strong>Iumina</strong></span> <span class='ocrx_word' id='word_1_22' title='bbox 806 1300 911 1362; x_wconf 88' lang='lat' dir='ltr'><strong>terrae</strong></span> 
     </span>
    </p>

    <p class='ocr_par' dir='ltr' id='par_1_4' title="bbox 204 1412 1032 1878">
     <span class='ocr_line' id='line_1_6' title="bbox 204 1412 960 1504; baseline 0.004 -22"><span class='ocrx_word' id='word_1_23' title='bbox 204 1412 319 1503; x_wconf 79' lang='lat' dir='ltr'><strong>Eripit,</strong></span> <span class='ocrx_word' id='word_1_24' title='bbox 339 1413 482 1484; x_wconf 87' lang='lat' dir='ltr'><strong>inficiens</strong></span> <span class='ocrx_word' id='word_1_25' title='bbox 500 1415 623 1484; x_wconf 82' lang='lat' dir='ltr'><strong>macula</strong></span> <span class='ocrx_word' id='word_1_26' title='bbox 640 1415 784 1504; x_wconf 80' lang='lat' dir='ltr'><strong>nigrante</strong></span> <span class='ocrx_word' id='word_1_27' title='bbox 803 1415 960 1492; x_wconf 88' lang='lat' dir='ltr'><strong>relictam;</strong></span> 
     </span>
     <span class='ocr_line' id='line_1_7' title="bbox 206 1533 1032 1628; baseline 0.002 -22"><span class='ocrx_word' id='word_1_28' title='bbox 206 1538 310 1616; x_wconf 78' lang='lat' dir='ltr'><strong>Fami,</strong></span> <span class='ocrx_word' id='word_1_29' title='bbox 332 1533 412 1628; x_wconf 87' lang='lat' dir='ltr'><strong>quac</strong></span> <span class='ocrx_word' id='word_1_30' title='bbox 430 1546 553 1608; x_wconf 88' lang='lat' dir='ltr'><strong>nostras</strong></span> <span class='ocrx_word' id='word_1_31' title='bbox 563 1538 751 1628; x_wconf 89' lang='lat' dir='ltr'><strong>jamdudum</strong></span> <span class='ocrx_word' id='word_1_32' title='bbox 769 1539 854 1608; x_wconf 87' lang='lat' dir='ltr'><strong>venit</strong></span> <span class='ocrx_word' id='word_1_33' title='bbox 871 1538 910 1608; x_wconf 93' lang='lat' dir='ltr'><strong>ad</strong></span> <span class='ocrx_word' id='word_1_34' title='bbox 929 1560 1032 1620; x_wconf 89' lang='lat' dir='ltr'><strong>aures,</strong></span> 
     </span>
     <span class='ocr_line' id='line_1_8' title="bbox 206 1661 937 1754; baseline 0.004 -23"><span class='ocrx_word' id='word_1_35' title='bbox 206 1661 332 1742; x_wconf 76' lang='lat' dir='ltr'><strong>dudini,</strong></span> <span class='ocrx_word' id='word_1_36' title='bbox 352 1671 485 1732; x_wconf 89' lang='lat' dir='ltr'><strong>testante</strong></span> <span class='ocrx_word' id='word_1_37' title='bbox 503 1662 608 1753; x_wconf 91' lang='lat' dir='ltr'><strong>palam</strong></span> <span class='ocrx_word' id='word_1_38' title='bbox 625 1672 656 1733; x_wconf 91' lang='lat' dir='ltr'><strong>te</strong></span> <span class='ocrx_word' id='word_1_39' title='bbox 676 1664 803 1754; x_wconf 88' lang='lat' dir='ltr'><strong>grandis</strong></span> <span class='ocrx_word' id='word_1_40' title='bbox 822 1665 854 1732; x_wconf 92' lang='lat' dir='ltr'><strong>in</strong></span> <span class='ocrx_word' id='word_1_41' title='bbox 872 1685 937 1734; x_wconf 87' lang='lat' dir='ltr'><strong>nno</strong></span> 
     </span>
     <span class='ocr_line' id='line_1_9' title="bbox 205 1786 927 1878; baseline 0 -23"><span class='ocrx_word' id='word_1_42' title='bbox 205 1786 331 1877; x_wconf 92' lang='lat' dir='ltr'><strong>Imperii</strong></span> <span class='ocrx_word' id='word_1_43' title='bbox 350 1788 405 1856; x_wconf 93' lang='lat' dir='ltr'><strong>niti</strong></span> <span class='ocrx_word' id='word_1_44' title='bbox 426 1807 645 1878; x_wconf 84' lang='lat' dir='ltr'><strong>summamque</strong></span> <span class='ocrx_word' id='word_1_45' title='bbox 663 1797 695 1857; x_wconf 89' lang='lat' dir='ltr'><strong>et</strong></span> <span class='ocrx_word' id='word_1_46' title='bbox 714 1787 838 1858; x_wconf 90' lang='lat' dir='ltr'><strong>culmen</strong></span> <span class='ocrx_word' id='word_1_47' title='bbox 857 1789 927 1869; x_wconf 85' lang='lat' dir='ltr'><strong>Eoi,</strong></span> 
     </span>
    </p>

    <p class='ocr_par' dir='ltr' id='par_1_5' title="bbox 205 1911 983 2000">
     <span class='ocr_line' id='line_1_10' title="bbox 205 1911 983 2000; baseline 0 -20"><span class='ocrx_word' id='word_1_48' title='bbox 205 1911 247 1980; x_wconf 92' lang='lat' dir='ltr'><strong>Te</strong></span> <span class='ocrx_word' id='word_1_49' title='bbox 267 1911 353 1990; x_wconf 85' lang='lat' dir='ltr'><strong>colit,</strong></span> <span class='ocrx_word' id='word_1_50' title='bbox 374 1921 406 1980; x_wconf 93' lang='lat' dir='ltr'><strong>et</strong></span> <span class='ocrx_word' id='word_1_51' title='bbox 423 1911 516 1981; x_wconf 85' lang='lat' dir='ltr'><strong>firme</strong></span> <span class='ocrx_word' id='word_1_52' title='bbox 534 1921 639 1981; x_wconf 88' lang='lat' dir='ltr'><strong>tecum</strong></span> <span class='ocrx_word' id='word_1_53' title='bbox 657 1912 722 1982; x_wconf 86' lang='lat' dir='ltr'><strong>vuit</strong></span> <span class='ocrx_word' id='word_1_54' title='bbox 741 1913 866 1983; x_wconf 85' lang='lat' dir='ltr'><strong>saedere</strong></span> <span class='ocrx_word' id='word_1_55' title='bbox 881 1912 983 2000; x_wconf 86' lang='lat' dir='ltr'><strong>jungi.</strong></span> 
     </span>
    </p>
   </div>
   <div class='ocr_carea' id='block_1_4' title="bbox 671 2271 734 2335">
    <p class='ocr_par' dir='ltr' id='par_1_6' title="bbox 671 2271 734 2335">
     <span class='ocr_line' id='line_1_11' title="bbox 671 2271 734 2335; baseline 0.048 -3"><span class='ocrx_word' id='word_1_56' title='bbox 671 2271 734 2335; x_wconf 89' lang='lat' dir='ltr'>LIII</span> 
     </span>
    </p>
   </div>
   <div class='ocr_carea' id='block_1_5' title="bbox 204 2533 1141 3497">
    <p class='ocr_par' dir='ltr' id='par_1_7' title="bbox 204 2533 1141 2874">
     <span class='ocr_line' id='line_1_12' title="bbox 204 2533 1041 2625; baseline -0.001 -21"><span class='ocrx_word' id='word_1_57' title='bbox 204 2535 327 2625; x_wconf 85' lang='lat' dir='ltr'><strong>Perque</strong></span> <span class='ocrx_word' id='word_1_58' title='bbox 346 2543 392 2604; x_wconf 85' lang='lat' dir='ltr'><strong>tot</strong></span> <span class='ocrx_word' id='word_1_59' title='bbox 410 2533 566 2625; x_wconf 81' lang='lat' dir='ltr'><strong>ambages,</strong></span> <span class='ocrx_word' id='word_1_60' title='bbox 587 2543 651 2604; x_wconf 90' lang='lat' dir='ltr'><strong>tarn</strong></span> <span class='ocrx_word' id='word_1_61' title='bbox 669 2533 763 2624; x_wconf 87' lang='lat' dir='ltr'><strong>longe</strong></span> <span class='ocrx_word' id='word_1_62' title='bbox 781 2554 889 2603; x_wconf 86' lang='lat' dir='ltr'><strong>errore</strong></span> <span class='ocrx_word' id='word_1_63' title='bbox 907 2535 1041 2615; x_wconf 85' lang='lat' dir='ltr'><strong>vIarum,</strong></span> 
     </span>
     <span class='ocr_line' id='line_1_13' title="bbox 204 2658 1141 2750; baseline -0.003 -20"><span class='ocrx_word' id='word_1_64' title='bbox 204 2659 313 2739; x_wconf 83' lang='lat' dir='ltr'><strong>Mittit,</strong></span> <span class='ocrx_word' id='word_1_65' title='bbox 331 2666 367 2727; x_wconf 95' lang='lat' dir='ltr'><strong>ut</strong></span> <span class='ocrx_word' id='word_1_66' title='bbox 386 2658 514 2728; x_wconf 89' lang='lat' dir='ltr'><strong>edoceat</strong></span> <span class='ocrx_word' id='word_1_67' title='bbox 533 2679 578 2738; x_wconf 90' lang='lat' dir='ltr'><strong>se,</strong></span> <span class='ocrx_word' id='word_1_68' title='bbox 599 2658 751 2748; x_wconf 91' lang='lat' dir='ltr'><strong>quidquid</strong></span> <span class='ocrx_word' id='word_1_69' title='bbox 770 2660 801 2726; x_wconf 94' lang='lat' dir='ltr'><strong>in</strong></span> <span class='ocrx_word' id='word_1_70' title='bbox 821 2679 967 2749; x_wconf 89' lang='lat' dir='ltr'><strong>aequore,</strong></span> <span class='ocrx_word' id='word_1_71' title='bbox 989 2658 1141 2750; x_wconf 92' lang='lat' dir='ltr'><strong>quidquid</strong></span> 
     </span>
     <span class='ocr_line' id='line_1_14' title="bbox 204 2782 972 2874; baseline 0.001 -23"><span class='ocrx_word' id='word_1_72' title='bbox 204 2783 240 2852; x_wconf 95' lang='lat' dir='ltr'><strong>ln</strong></span> <span class='ocrx_word' id='word_1_73' title='bbox 258 2785 352 2853; x_wconf 86' lang='lat' dir='ltr'><strong>terris</strong></span> <span class='ocrx_word' id='word_1_74' title='bbox 370 2791 513 2872; x_wconf 89' lang='lat' dir='ltr'><strong>portatur</strong></span> <span class='ocrx_word' id='word_1_75' title='bbox 531 2803 638 2874; x_wconf 88' lang='lat' dir='ltr'><strong>opum,</strong></span> <span class='ocrx_word' id='word_1_76' title='bbox 658 2783 833 2873; x_wconf 87' lang='lat' dir='ltr'><strong>spumantis</strong></span> <span class='ocrx_word' id='word_1_77' title='bbox 852 2782 891 2852; x_wconf 89' lang='lat' dir='ltr'><strong>ab</strong></span> <span class='ocrx_word' id='word_1_78' title='bbox 911 2783 972 2853; x_wconf 86' lang='lat' dir='ltr'><strong>aito</strong></span> 
     </span>
    </p>

    <p class='ocr_par' dir='ltr' id='par_1_8' title="bbox 205 2906 1035 2997">
     <span class='ocr_line' id='line_1_15' title="bbox 205 2906 1035 2997; baseline 0 -22"><span class='ocrx_word' id='word_1_79' title='bbox 205 2907 305 2977; x_wconf 87' lang='lat' dir='ltr'><strong>Fonte</strong></span> <span class='ocrx_word' id='word_1_80' title='bbox 323 2907 399 2997; x_wconf 83' lang='lat' dir='ltr'><strong>Tagi</strong></span> <span class='ocrx_word' id='word_1_81' title='bbox 417 2906 544 2977; x_wconf 80' lang='lat' dir='ltr'><strong>auriferi</strong></span> <span class='ocrx_word' id='word_1_82' title='bbox 564 2927 665 2997; x_wconf 91' lang='lat' dir='ltr'><strong>usque</strong></span> <span class='ocrx_word' id='word_1_83' title='bbox 685 2906 723 2975; x_wconf 92' lang='lat' dir='ltr'><strong>ad</strong></span> <span class='ocrx_word' id='word_1_84' title='bbox 742 2907 848 2976; x_wconf 88' lang='lat' dir='ltr'><strong>divitis</strong></span> <span class='ocrx_word' id='word_1_85' title='bbox 865 2907 943 2977; x_wconf 81' lang='lat' dir='ltr'><strong>ostia</strong></span> <span class='ocrx_word' id='word_1_86' title='bbox 961 2907 1035 2988; x_wconf 88' lang='lat' dir='ltr'><strong>Nili,</strong></span> 
     </span>
    </p>

    <p class='ocr_par' dir='ltr' id='par_1_9' title="bbox 204 3031 1060 3372">
     <span class='ocr_line' id='line_1_16' title="bbox 205 3031 1060 3128; baseline 0.002 -27"><span class='ocrx_word' id='word_1_87' title='bbox 205 3032 246 3102; x_wconf 83' lang='lat' dir='ltr'><strong>Et</strong></span> <span class='ocrx_word' id='word_1_88' title='bbox 264 3031 447 3102; x_wconf 90' lang='lat' dir='ltr'><strong>Zelandensi</strong></span> <span class='ocrx_word' id='word_1_89' title='bbox 467 3031 619 3123; x_wconf 89' lang='lat' dir='ltr'><strong>quidquid</strong></span> <span class='ocrx_word' id='word_1_90' title='bbox 637 3031 778 3102; x_wconf 85' lang='lat' dir='ltr'><strong>defertur</strong></span> <span class='ocrx_word' id='word_1_91' title='bbox 796 3031 835 3102; x_wconf 86' lang='lat' dir='ltr'><strong>ab</strong></span> <span class='ocrx_word' id='word_1_92' title='bbox 855 3052 922 3114; x_wconf 86' lang='lat' dir='ltr'><strong>ane,</strong></span> <span class='ocrx_word' id='word_1_93' title='bbox 1057 3121 1060 3128; x_wconf 27' lang='grc' dir='ltr'>Ι</span> 
     </span>
     <span class='ocr_line' id='line_1_17' title="bbox 204 3155 981 3248; baseline 0.003 -23"><span class='ocrx_word' id='word_1_94' title='bbox 204 3156 275 3226; x_wconf 89' lang='lat' dir='ltr'><strong>Ilias</strong></span> <span class='ocrx_word' id='word_1_95' title='bbox 292 3177 393 3248; x_wconf 89' lang='lat' dir='ltr'><strong>usque</strong></span> <span class='ocrx_word' id='word_1_96' title='bbox 410 3157 528 3248; x_wconf 83' lang='lat' dir='ltr'><strong>plagas,</strong></span> <span class='ocrx_word' id='word_1_97' title='bbox 547 3155 603 3226; x_wconf 89' lang='lat' dir='ltr'><strong>ubi</strong></span> <span class='ocrx_word' id='word_1_98' title='bbox 622 3156 668 3226; x_wconf 89' lang='lat' dir='ltr'><strong>sol</strong></span> <span class='ocrx_word' id='word_1_99' title='bbox 686 3157 899 3247; x_wconf 89' lang='lat' dir='ltr'><strong>supereminet</strong></span> <span class='ocrx_word' id='word_1_100' title='bbox 918 3158 981 3228; x_wconf 89' lang='lat' dir='ltr'><strong>oris</strong></span> 
     </span>
     <span class='ocr_line' id='line_1_18' title="bbox 205 3280 982 3372; baseline 0 -21"><span class='ocrx_word' id='word_1_101' title='bbox 205 3280 407 3372; x_wconf 78' lang='lat' dir='ltr'><strong>Aethiopum,</strong></span> <span class='ocrx_word' id='word_1_102' title='bbox 427 3281 513 3351; x_wconf 85' lang='lat' dir='ltr'><strong>nuile</strong></span> <span class='ocrx_word' id='word_1_103' title='bbox 530 3281 654 3350; x_wconf 90' lang='lat' dir='ltr'><strong>varians</strong></span> <span class='ocrx_word' id='word_1_104' title='bbox 673 3281 850 3352; x_wconf 81' lang='lat' dir='ltr'><strong>discrimine</strong></span> <span class='ocrx_word' id='word_1_105' title='bbox 868 3281 982 3362; x_wconf 88' lang='lat' dir='ltr'><strong>iucem,</strong></span> 
     </span>
    </p>

    <p class='ocr_par' dir='ltr' id='par_1_10' title="bbox 208 3405 999 3497">
     <span class='ocr_line' id='line_1_19' title="bbox 208 3405 999 3497; baseline 0 -21"><span class='ocrx_word' id='word_1_106' title='bbox 208 3405 321 3476; x_wconf 88' lang='lat' dir='ltr'><strong>Omnia</strong></span> <span class='ocrx_word' id='word_1_107' title='bbox 338 3406 456 3478; x_wconf 91' lang='lat' dir='ltr'><strong>habere</strong></span> <span class='ocrx_word' id='word_1_108' title='bbox 474 3408 551 3487; x_wconf 88' lang='lat' dir='ltr'><strong>suis,</strong></span> <span class='ocrx_word' id='word_1_109' title='bbox 572 3408 700 3477; x_wconf 89' lang='lat' dir='ltr'><strong>coelesti</strong></span> <span class='ocrx_word' id='word_1_110' title='bbox 717 3428 861 3489; x_wconf 87' lang='lat' dir='ltr'><strong>munere,</strong></span> <span class='ocrx_word' id='word_1_111' title='bbox 882 3409 999 3497; x_wconf 89' lang='lat' dir='ltr'><strong>regnis.</strong></span> 
     </span>
    </p>
   </div>
   <div class='ocr_carea' id='block_1_6' title="bbox 659 3765 738 3828">
    <p class='ocr_par' dir='ltr' id='par_1_11' title="bbox 659 3765 738 3828">
     <span class='ocr_line' id='line_1_20' title="bbox 659 3765 738 3828; baseline 0 0"><span class='ocrx_word' id='word_1_112' title='bbox 659 3765 738 3828; x_wconf 86' lang='lat' dir='ltr'>LXII</span> 
     </span>
    </p>
   </div>
   <div class='ocr_carea' id='block_1_7' title="bbox 204 4027 1070 4992">
    <p class='ocr_par' dir='ltr' id='par_1_12' title="bbox 204 4027 1008 4367">
     <span class='ocr_line' id='line_1_21' title="bbox 206 4027 956 4133; baseline 0 -35"><span class='ocrx_word' id='word_1_113' title='bbox 206 4029 297 4113; x_wconf 89' lang='lat' dir='ltr'><strong>Quod</strong></span> <span class='ocrx_word' id='word_1_114' title='bbox 316 4029 342 4098; x_wconf 93' lang='lat' dir='ltr'><strong>si</strong></span> <span class='ocrx_word' id='word_1_115' title='bbox 357 4027 430 4118; x_wconf 90' lang='lat' dir='ltr'><strong>jure</strong></span> <span class='ocrx_word' id='word_1_116' title='bbox 447 4028 526 4098; x_wconf 86' lang='lat' dir='ltr'><strong>velis</strong></span> <span class='ocrx_word' id='word_1_117' title='bbox 544 4029 696 4100; x_wconf 83' lang='lat' dir='ltr'><strong>fecundae</strong></span> <span class='ocrx_word' id='word_1_118' title='bbox 714 4032 810 4121; x_wconf 80' lang='lat' dir='ltr'><strong>pacis,</strong></span> <span class='ocrx_word' id='word_1_119' title='bbox 830 4033 956 4133; x_wconf 24' lang='lat' dir='ltr'><strong>etlarcti</strong></span> 
     </span>
     <span class='ocr_line' id='line_1_22' title="bbox 205 4151 1008 4245; baseline 0.002 -24"><span class='ocrx_word' id='word_1_120' title='bbox 205 4152 365 4234; x_wconf 85' lang='lat' dir='ltr'><strong>Fcederis,</strong></span> <span class='ocrx_word' id='word_1_121' title='bbox 386 4161 419 4222; x_wconf 89' lang='lat' dir='ltr'><strong>et</strong></span> <span class='ocrx_word' id='word_1_122' title='bbox 434 4153 511 4223; x_wconf 92' lang='lat' dir='ltr'><strong>nudi</strong></span> <span class='ocrx_word' id='word_1_123' title='bbox 529 4151 710 4245; x_wconf 76' lang='lat' dir='ltr'><strong>fraudisque</strong></span> <span class='ocrx_word' id='word_1_124' title='bbox 728 4153 865 4244; x_wconf 83' lang='lat' dir='ltr'><strong>expertis</strong></span> <span class='ocrx_word' id='word_1_125' title='bbox 883 4154 1008 4234; x_wconf 77' lang='lat' dir='ltr'><strong>amoris</strong></span> 
     </span>
     <span class='ocr_line' id='line_1_23' title="bbox 204 4277 1004 4367; baseline -0.003 -19"><span class='ocrx_word' id='word_1_126' title='bbox 204 4277 314 4348; x_wconf 89' lang='lat' dir='ltr'><strong>Mutua</strong></span> <span class='ocrx_word' id='word_1_127' title='bbox 332 4286 489 4347; x_wconf 90' lang='lat' dir='ltr'><strong>tantarum</strong></span> <span class='ocrx_word' id='word_1_128' title='bbox 507 4279 696 4348; x_wconf 88' lang='lat' dir='ltr'><strong>commercia</strong></span> <span class='ocrx_word' id='word_1_129' title='bbox 710 4279 844 4367; x_wconf 84' lang='lat' dir='ltr'><strong>jungere</strong></span> <span class='ocrx_word' id='word_1_130' title='bbox 862 4297 982 4358; x_wconf 89' lang='lat' dir='ltr'><strong>rerum,</strong></span> <span class='ocrx_word' id='word_1_131' title='bbox 1002 4355 1004 4360; x_wconf 54' lang='grc'>,</span> 
     </span>
    </p>

    <p class='ocr_par' dir='ltr' id='par_1_13' title="bbox 204 4401 914 4493">
     <span class='ocr_line' id='line_1_24' title="bbox 204 4401 914 4493; baseline 0 -22"><span class='ocrx_word' id='word_1_132' title='bbox 204 4401 246 4471; x_wconf 89' lang='lat' dir='ltr'><strong>Et</strong></span> <span class='ocrx_word' id='word_1_133' title='bbox 264 4403 353 4492; x_wconf 88' lang='lat' dir='ltr'><strong>regni</strong></span> <span class='ocrx_word' id='word_1_134' title='bbox 372 4421 494 4472; x_wconf 86' lang='lat' dir='ltr'><strong>merces</strong></span> <span class='ocrx_word' id='word_1_135' title='bbox 511 4412 634 4473; x_wconf 88' lang='lat' dir='ltr'><strong>mutare</strong></span> <span class='ocrx_word' id='word_1_136' title='bbox 652 4403 775 4493; x_wconf 87' lang='lat' dir='ltr'><strong>suique,</strong></span> <span class='ocrx_word' id='word_1_137' title='bbox 793 4403 914 4492; x_wconf 91' lang='lat' dir='ltr'><strong>tuique,</strong></span> 
     </span>
    </p>

    <p class='ocr_par' dir='ltr' id='par_1_14' title="bbox 205 4525 1070 4992">
     <span class='ocr_line' id='line_1_25' title="bbox 205 4525 1070 4617; baseline -0.003 -20"><span class='ocrx_word' id='word_1_138' title='bbox 205 4525 250 4597; x_wconf 92' lang='lat' dir='ltr'><strong>Ut</strong></span> <span class='ocrx_word' id='word_1_139' title='bbox 269 4525 469 4615; x_wconf 82' lang='lat' dir='ltr'><strong>geminentur</strong></span> <span class='ocrx_word' id='word_1_140' title='bbox 487 4545 574 4615; x_wconf 88' lang='lat' dir='ltr'><strong>opes,</strong></span> <span class='ocrx_word' id='word_1_141' title='bbox 595 4535 625 4596; x_wconf 89' lang='lat' dir='ltr'><strong>et</strong></span> <span class='ocrx_word' id='word_1_142' title='bbox 643 4527 745 4616; x_wconf 89' lang='lat' dir='ltr'><strong>prisca</strong></span> <span class='ocrx_word' id='word_1_143' title='bbox 763 4526 923 4617; x_wconf 82' lang='lat' dir='ltr'><strong>opulentia</strong></span> <span class='ocrx_word' id='word_1_144' title='bbox 942 4534 1070 4606; x_wconf 89' lang='lat' dir='ltr'><strong>crescat,</strong></span> 
     </span>
     <span class='ocr_line' id='line_1_26' title="bbox 205 4647 992 4740; baseline 0.001 -21"><span class='ocrx_word' id='word_1_145' title='bbox 205 4647 303 4740; x_wconf 88' lang='lat' dir='ltr'><strong>Cujus</strong></span> <span class='ocrx_word' id='word_1_146' title='bbox 322 4669 410 4719; x_wconf 89' lang='lat' dir='ltr'><strong>amer</strong></span> <span class='ocrx_word' id='word_1_147' title='bbox 428 4649 544 4720; x_wconf 88' lang='lat' dir='ltr'><strong>sudare</strong></span> <span class='ocrx_word' id='word_1_148' title='bbox 562 4650 716 4731; x_wconf 86' lang='lat' dir='ltr'><strong>homines,</strong></span> <span class='ocrx_word' id='word_1_149' title='bbox 738 4660 770 4720; x_wconf 88' lang='lat' dir='ltr'><strong>et</strong></span> <span class='ocrx_word' id='word_1_150' title='bbox 787 4650 866 4720; x_wconf 93' lang='lat' dir='ltr'><strong>dura</strong></span> <span class='ocrx_word' id='word_1_151' title='bbox 885 4649 992 4720; x_wconf 88' lang='lat' dir='ltr'><strong>subire</strong></span> 
     </span>
     <span class='ocr_line' id='line_1_27' title="bbox 205 4773 1040 4866; baseline -0.001 -22"><span class='ocrx_word' id='word_1_152' title='bbox 205 4773 374 4856; x_wconf 78' lang='lat' dir='ltr'><strong>admonet,</strong></span> <span class='ocrx_word' id='word_1_153' title='bbox 394 4773 468 4844; x_wconf 93' lang='lat' dir='ltr'><strong>inde</strong></span> <span class='ocrx_word' id='word_1_154' title='bbox 486 4775 550 4844; x_wconf 89' lang='lat' dir='ltr'><strong>tuis</strong></span> <span class='ocrx_word' id='word_1_155' title='bbox 568 4796 631 4844; x_wconf 89' lang='lat' dir='ltr'><strong>non</strong></span> <span class='ocrx_word' id='word_1_156' title='bbox 650 4796 721 4865; x_wconf 89' lang='lat' dir='ltr'><strong>spes</strong></span> <span class='ocrx_word' id='word_1_157' title='bbox 739 4776 799 4846; x_wconf 90' lang='lat' dir='ltr'><strong>erit</strong></span> <span class='ocrx_word' id='word_1_158' title='bbox 816 4775 906 4846; x_wconf 89' lang='lat' dir='ltr'><strong>irrita</strong></span> <span class='ocrx_word' id='word_1_159' title='bbox 924 4776 1040 4866; x_wconf 87' lang='lat' dir='ltr'><strong>regnis,</strong></span> 
     </span>
     <span class='ocr_line' id='line_1_28' title="bbox 205 4899 908 4992; baseline -0.001 -21"><span class='ocrx_word' id='word_1_160' title='bbox 205 4899 331 4971; x_wconf 86' lang='lat' dir='ltr'><strong>Utilitas</strong></span> <span class='ocrx_word' id='word_1_161' title='bbox 348 4900 453 4970; x_wconf 88' lang='lat' dir='ltr'><strong>veniet</strong></span> <span class='ocrx_word' id='word_1_162' title='bbox 470 4900 569 4982; x_wconf 80' lang='lat' dir='ltr'><strong>vebia,</strong></span> <span class='ocrx_word' id='word_1_163' title='bbox 590 4901 650 4971; x_wconf 88' lang='lat' dir='ltr'><strong>sibi</strong></span> <span class='ocrx_word' id='word_1_164' title='bbox 669 4902 766 4991; x_wconf 88' lang='lat' dir='ltr'><strong>gioria</strong></span> <span class='ocrx_word' id='word_1_165' title='bbox 784 4921 908 4992; x_wconf 89' lang='lat' dir='ltr'><strong>magna.</strong></span> 
     </span>
    </p>
   </div>
   <div class='ocr_carea' id='block_1_8' title="bbox 0 0 1702 5372">
    <p class='ocr_par' dir='ltr' id='par_1_15' title="bbox 0 0 1702 5372">
     <span class='ocr_line' id='line_1_29' title="bbox 0 0 1702 5372; baseline 0 0"><span class='ocrx_word' id='word_1_166' title='bbox 0 0 1702 5372; x_wconf 95' lang='lat' dir='ltr'><strong> </strong></span> 
     </span>
    </p>
   </div>
  </div>
 </body>
</html>
