3406 5378
950 439 1102 484 usstandi:
1184 473 1187 478 .

969 695 1081 757 CXXffl

530 956 654 1037 Urbem
673 977 767 1028 cerne
785 957 898 1047 Tavay,
919 977 1054 1047 regnum
1073 957 1182 1049 incipit
1199 957 1284 1030 unde
1303 959 1411 1041 Siami‚

529 1080 620 1165 Quod
639 1081 732 1171 longe
751 1081 874 1172 latique
894 1090 1005 1172 patens
1024 1081 1217 1152 extenditur.
1234 1081 1323 1152 noue

529 1206 726 1287 Tenassorin,
746 1207 825 1276 adde
845 1205 997 1290 Quodam,
1018 1216 1112 1296 caput
1131 1206 1264 1277 urbibus
1281 1229 1343 1277 nna

529 1332 617 1414 Quae
636 1339 752 1410 manet,
772 1331 854 1400 unde
873 1332 964 1420 piper
983 1330 1164 1420 flagrantius
1182 1331 1267 1400 halat
1286 1333 1317 1400 in
1337 1353 1439 1402 auras.

530 1454 649 1524 Littore
668 1455 816 1524 Malacam
834 1454 926 1544 paulo
945 1455 1096 1525 ulteriore
1116 1456 1285 1545 superbam

528 1577 660 1648 Nomine
679 1598 735 1646 ros
753 1579 868 1646 claram
886 1577 1007 1648 iacietis
1025 1579 1185 1649 mercibus
1202 1578 1327 1659 urbem,

530 1703 642 1772 Omnia
662 1707 724 1792 qu'o
741 1704 852 1793 pelago
871 1703 1065 1774 circumdata
1083 1725 1180 1795 regna
1198 1705 1355 1795 profundo

530 1827 661 1897 Diverso
680 1828 803 1896 mittant
822 1829 923 1898 varias
942 1849 958 1898 c
977 1829 1083 1899 littore
1102 1849 1236 1898 merces.

968 2187 1078 2250 CXXN

479 2474 485 2490 ,
531 2450 652 2519 Dicitur
669 2449 729 2519 boc
748 2450 842 2519 rastis
861 2469 878 2518 a
897 2450 1001 2519 littore
1019 2447 1167 2518 fluctibus
1185 2458 1271 2518 aestu

530 2575 715 2665 Rumpentis
732 2575 846 2666 pelagi,
868 2573 990 2642 telluris
1009 2573 1046 2643 ad
1066 2575 1127 2643 ima
1147 2574 1245 2643 reciso

530 2698 633 2768 insuia
652 2701 811 2766 Samatrac
831 2717 864 2765 se
883 2695 1057 2785 diripuisse,
1078 2697 1249 2767 revinctam

529 2823 683 2892 Continuo
703 2830 804 2890 tractu
823 2841 918 2910 quam
937 2841 1126 2911 conspexere
1145 2826 1281 2912 priores:

532 2947 613 3014 Haec
631 2944 812 3035 paeninsula
832 2953 899 3013 erat
918 2953 992 3014 tunc
1011 2965 1125 3034 graeco
1143 2947 1268 3016 nomine
1287 2946 1380 3028 dicta,

528 3070 568 3138 Et
586 3079 669 3159 post,
689 3070 825 3138 inentis
842 3069 930 3137 renis
949 3069 1129 3158 ingentibus
1148 3072 1228 3150 auri,

527 3195 633 3262 Aurea
652 3194 734 3264 dicta
752 3192 826 3262 init:
847 3193 955 3262 moitis
973 3212 1008 3262 ea
1027 3192 1166 3262 creditur
1185 3213 1264 3274 csse,

527 3317 737 3408 Temporibus
755 3317 866 3407 priscis
885 3317 985 3406 Ophir
1004 3317 1062 3387 sub
1081 3318 1206 3388 nominc
1225 3327 1308 3386 nota.

973 3677 1076 3740 CXXV

524 3939 586 4008 Sed
606 3941 667 4029 qud
684 3938 879 4030 Cingaipurae
898 3948 1001 4009 terrae
1019 3941 1154 4030 angulos
1172 3941 1274 4012 obstat
1293 3950 1413 4024 acutos,

522 4063 765 4154 Augustumque
783 4063 896 4133 fretum
917 4064 1021 4133 tennis
1039 4065 1089 4133 via
1107 4066 1239 4135 navibus
1258 4074 1365 4145 arctat,
1485 4084 1488 4092 ·

521 4189 664 4280 Aspicies
682 4209 792 4258 versos
810 4187 1004 4278 Cynosuram
1022 4191 1183 4261 inflectere
1202 4213 1271 4262 sese

520 4315 633 4394 Littus,
654 4313 692 4382 ad
712 4311 869 4382 Auroram
887 4321 919 4382 et
938 4323 1025 4384 rccto
1044 4315 1234 4386 contendere
1252 4337 1365 4386 cursu:

519 4439 627 4528 Regna
644 4437 734 4507 vides
751 4437 840 4518 Pani,
861 4437 1006 4519 PataneS,
1025 4439 1219 4531 longumque
1237 4441 1336 4512 Siami

518 4562 698 4651 imperium,
721 4561 806 4652 qood
825 4571 935 4631 cuncta
954 4562 1070 4644 domat,
1092 4565 1142 4635 cui
1162 4564 1298 4655 piurima
1316 4564 1464 4634 subsunt:

518 4685 633 4776 Aspice
651 4687 801 4768 Menami,
822 4686 912 4776 cnjus
930 4707 1001 4757 sese
1019 4689 1102 4758 unda
1122 4691 1226 4780 paludi

518 4813 611 4882 insert
629 4814 758 4901 ingenti,
781 4811 932 4904 Chiamay
952 4834 1032 4904 quae
1051 4815 1178 4897 dicitur,
1199 4835 1335 4886 amnem.
