3440 5392
553 445 641 491 tlttttu
661 445 820 492 sttct'nut’s

661 703 709 762 tx

185 967 258 1033 lain
278 976 352 1034 tuno
371 984 434 1033 non
452 963 531 1034 adeo
548 964 688 1034 medium
708 966 799 1055 spatii
820 966 995 1036 consederat
1012 968 1134 1048 orbern,

185 1089 345 1179 Igneaque
366 1089 397 1157 in
415 1097 490 1166 toto,
512 1108 608 1179 quarn
626 1089 748 1180 longus,
769 1089 872 1159 sidem
891 1090 1021 1172 mundo,

185 1213 357 1300 Splendida
374 1212 575 1282 reddiderant
592 1214 710 1284 alienae
728 1214 854 1284 loenora
873 1215 969 1294 lueis;

185 1337 294 1420 Quum
312 1357 390 1427 gens
408 1337 484 1406 lessa
505 1337 586 1426 rigat
604 1337 780 1428 languentia
800 1357 931 1427 corpora
950 1357 1073 1408 somno:

187 1461 302 1530 lassus
320 1460 359 1530 ab
378 1461 502 1530 assiduo
522 1461 672 1530 ouraruru
690 1462 833 1531 oramine
851 1461 973 1542 ductor,

186 1585 268 1654 Natu
285 1588 365 1674 parit
383 1585 523 1655 occultos
541 1605 602 1654 noa
621 1586 673 1654 illa
692 1596 831 1655 extrema
851 1587 989 1667 timores

187 1709 320 1778 Lumina
337 1709 389 1777 dat
406 1728 516 1778 somno
534 1709 663 1798 paulum
680 1707 840 1778 subtracta
858 1709 968 1790 labori,

186 1833 317 1902 Nautira
336 1836 466 1922 partitas
484 1853 560 1918 gens
578 1834 654 1902 darm
673 1834 821 1918 vigilabat
841 1835 871 1903 in
889 1835 992 1904 horas
1013 1815 1016 1822 ¹

521 2195 526 2202 “
652 2195 711 2256 Lxl

187 2456 221 2524 la
239 2457 355 2526 somus
368 2456 426 2525 olli
445 2455 606 2545 Cyllenius
624 2457 732 2539 astitit,
752 2455 823 2526 indo

186 2579 380 2670 Alloquitur:
402 2581 491 2670 Fuge
508 2580 633 2661 duotor,
654 2580 716 2661 abi,
738 2580 810 2670 luge
828 2581 921 2661 Lusa,
941 2580 1083 2672 relinque

188 2703 318 2784 Littera,
339 2714 371 2774 et
389 2703 529 2786 insidias,
550 2725 628 2796 quas
646 2725 701 2774 rex
719 2703 777 2772 tibi
796 2703 895 2775 tendit
913 2703 1050 2795 iniquus,

125 2889 138 2916 ,
186 2829 361 2920 Naufragus
379 2839 415 2898 ut
432 2831 545 2920 perdas
563 2829 688 2900 inlando
706 2832 738 2898 in
756 2830 881 2920 gurgite
899 2830 1007 2898 uitam.

185 2953 309 3042 Effuge,
329 2974 403 3023 nana
421 2956 539 3044 spirant
558 2960 589 3023 et
607 2955 690 3024 renti
710 2963 741 3024 ot
759 2953 861 3024 sidera
880 2955 1013 3044 coeptis:

185 3075 272 3146 dura
291 3080 381 3158 lavet,
398 3079 480 3166 jacet
498 3076 652 3158 Oceanus,
673 3087 858 3168 tempusque
877 3077 1013 3147 renidet:

186 3203 253 3271 Rea
272 3202 350 3273 alius
368 3203 456 3272 uultu
477 3203 651 3273 venientem
671 3204 780 3272 invitat
797 3205 909 3282 amico,

185 3324 284 3414 Carjus
302 3327 332 3394 in
351 3327 478 3415 egregio
495 3327 597 3416 possis
614 3327 814 3416 requiescere
831 3335 934 3417 portu.

640 3684 717 3746 Lllll

183 3946 253 4016 Non
270 3945 353 4016 aliud
372 3956 476 4016 manet
494 3946 667 4037 hospitium
685 3955 716 4016 te
733 3946 837 4016 littore
855 3947 946 4028 duro,

182 4071 284 4154 Quam
303 4069 473 4140 Diomedea
492 4070 649 4161 quondam
667 4073 798 4141 statione
816 4079 975 4159 paratum;

183 4195 244 4278 Qui
264 4194 358 4276 ierus
380 4196 503 4286 hospitii
522 4197 634 4266 violato
648 4195 731 4285 jure,
754 4195 872 4266 lerooes

183 4317 366 4408 Hospitihus
383 4319 527 4408 pascebat
545 4337 654 4409 equos,
674 4327 705 4387 et
722 4317 873 4407 sanguine
891 4317 992 4388 alebat

182 4443 332 4524 lnuoouo;
353 4443 493 4514 invenies
511 4445 594 4514 saevi
612 4441 766 4513 Busiridis
784 4463 864 4524 araS,

182 4566 230 4659 (Si
249 4567 386 4660 maneas)
403 4567 456 4637 ubi
476 4568 554 4638 lecta
575 4569 677 4637 virum
694 4575 831 4636 mactare
849 4565 966 4636 solebat

182 4690 332 4782 Corpora,
351 4711 537 4782 respergens
554 4692 662 4762 altaria
680 4710 767 4760 saera
786 4709 907 4760 eruore.

182 4815 251 4884 Heu
265 4805 341 4906 luge
359 4815 506 4897 erudelis,
526 4816 646 4896 duotor,
667 4814 739 4903 iuge
757 4813 861 4883 littora
881 4815 991 4902 gentis.

250 4929 264 4968 5
