3394 5372
937 469 1091 517 susannae

964 727 1067 790 xxru

520 990 640 1062 Nobilis
658 1011 677 1060 o
695 993 854 1082 princeps,
874 999 1005 1080 peritum
1024 990 1078 1079 qui
1095 989 1168 1080 jure
1187 987 1355 1078 gubernas,

519 1119 622 1202 Quam
640 1115 701 1186 tate
715 1114 854 1186 Australi
873 1133 906 1184 se
925 1115 1023 1183 limite
1042 1112 1144 1182 tundit
1163 1113 1193 1182 in
1208 1111 1337 1190 Areten,

519 1241 565 1312 Tu
585 1251 688 1310 terrae
707 1240 840 1330 pupulos
855 1238 938 1330 justa
958 1239 1011 1328 qui
1030 1239 1099 1329 tege
1118 1257 1257 1317 coerces,

519 1367 566 1436 Ne
585 1364 698 1435 vetites
716 1366 818 1433 ausint
836 1363 937 1454 pelagi
956 1362 1175 1432 transcendere
1192 1361 1287 1443 fines;

518 1491 629 1581 Tuque
648 1499 747 1580 pater,
768 1510 917 1580 magnum
936 1488 990 1579 qni
1009 1487 1156 1558 ductibus
1174 1486 1266 1556 alluis
1283 1485 1405 1561 orbem,

519 1615 655 1695 0eeaue,
677 1624 708 1685 et
726 1615 803 1684 tatas
821 1617 923 1704 posito
941 1613 1060 1703 premis
1077 1611 1179 1702 objice
1198 1619 1310 1690 terras,

520 1739 681 1830 Fatalique
697 1740 789 1830 jubes
808 1758 841 1808 se
859 1739 959 1808 limite
978 1736 1217 1816 subcutanea,

520 1865 618 1935 Metas
636 1863 835 1954 praescribis,
856 1862 968 1932 stultus
987 1872 1018 1931 et
1035 1861 1220 1951 comprimis
1237 1880 1346 1929 ausus:

957 2220 1073 2284 xxvia

520 2487 648 2577 Vosque
666 2485 762 2555 dednn
781 2483 915 2565 soboles,
937 2503 1017 2574 ques
1033 2483 1119 2552 nulla
1138 2482 1250 2573 inJ'nria
1268 2481 1363 2552 laedit

519 2611 668 2701 Unquam
686 2610 824 2699 impune,
844 2608 974 2678 ultrices
991 2629 1064 2677 narn
1084 2626 1158 2676 rnen
1177 2625 1303 2676 sumere
1321 2625 1439 2696 peenas

519 2736 588 2804 Stat
605 2734 706 2814 rubis,
727 2733 828 2802 sinitis
846 2753 904 2802 nee
923 2751 1114 2822 quemquam
1133 2730 1276 2800 scindere
1289 2739 1426 2820 bantana

519 2858 625 2927 invitis
643 2857 742 2938 vebia,
764 2858 865 2948 pelagi
885 2857 940 2947 qui
959 2863 1080 2946 sceptra
1098 2855 1225 2934 tenetis;

520 2984 607 3068 Quae
625 2982 750 3052 tandem
768 2991 888 3052 vestras
906 2989 1035 3050 tenuere
1053 2979 1165 3050 oblivia
1184 2981 1329 3049 mentes?

519 3107 598 3191 Quis
616 3110 717 3197 putuit
735 3107 842 3176 solitos
860 3106 955 3175 animi
974 3123 1173 3194 compescere
1190 3112 1306 3181 motus,

518 3232 559 3301 Et
577 3232 699 3301 muttire
714 3231 779 3301 iera
797 3239 966 3321 conceptus
983 3239 1089 3298 mente
1107 3228 1230 3298 huores

519 3357 553 3425 tn
573 3365 699 3446 gentem
717 3355 818 3445 iraqiti
836 3360 959 3435 natura,
980 3361 1011 3423 at
1029 3363 1134 3424 mente
1153 3351 1311 3444 snperbai

972 3713 1067 3776 xxix
1159 3797 1162 3804 y

520 3979 589 4050 Nen
608 3975 692 4048 subit
711 3975 844 4046 audaces
862 3975 995 4045 nimium
1013 3973 1157 4044 sublimia
1176 3973 1259 4044 batto

520 4102 640 4184 Sidera,
662 4111 693 4171 et
712 4101 874 4172 aethereos
892 4099 975 4169 terre
995 4101 1161 4189 appetiisse
1178 4100 1331 4188 penates?

521 4227 590 4299 Neu
609 4226 694 4297 subit
711 4226 820 4296 insano
838 4224 968 4315 pelagus
986 4231 1121 4294 tentasse
1139 4223 1258 4304 furore,

520 4353 562 4422 Et
578 4339 656 4421 velis
674 4351 834 4441 remisque
852 4357 937 4419 rates
955 4349 1055 4438 egisse
1072 4367 1132 4438 per
1150 4347 1272 4418 undas?

520 4477 652 4547 Vidistis
671 4475 840 4566 qnondam,
860 4474 937 4565 quin
955 4481 987 4543 et
1004 4473 1098 4542 medo
1117 4472 1229 4542 erebra
1247 4472 1391 4542 videmus

521 4600 607 4670 Ausa
626 4609 671 4670 tet
689 4599 827 4679 illunnn,
846 4605 883 4667 nt
901 4596 1025 4667 credam
1044 4604 1212 4686 terraeque
1230 4598 1390 4685 marisque

522 4727 628 4806 Ferte,
647 4723 749 4802 brevi,
770 4721 925 4801 dominos,
945 4741 1003 4810 pro
1020 4720 1100 4789 diris
1118 4741 1188 4790 esse
1206 4719 1362 4803 delendus,

521 4852 597 4932 Nus,
616 4850 681 4940 jarn
700 4868 761 4916 non
779 4846 880 4926 divos
902 4845 1051 4915 mortales
1069 4865 1137 4915 esse
1156 4845 1289 4916 tuturus.
