3394 5372
581 459 670 506 LIBER
692 457 824 514 QUINTUS

636 673 781 779 uxxruv

208 979 370 1048 Solvimus
387 979 445 1048 hee
465 961 561 1070 igitur
579 983 733 1070 premissa
751 981 782 1048 in
801 979 907 1050 littura
925 989 1035 1070 pertu;

210 1103 437 1195 Alternantque
455 1105 541 1176 riaes
558 1106 591 1175 in
609 1103 701 1176 nobis
718 1125 853 1195 spesque
871 1104 1040 1196 dolorque:

209 1229 351 1301 Provecti
370 1223 466 1300 eureu
484 1231 621 1320 perimus
638 1231 739 1301 vicina
757 1230 895 1302 seeundo

210 1354 344 1435 Littera3
365 1362 426 1424 stat
444 1363 548 1424 terrae
566 1355 738 1426 certissima
756 1374 908 1446 quaerere
926 1355 1014 1446 signa

211 1477 356 1569 Operae:
376 1477 588 1570 Mezambiqui
606 1499 664 1549 nes
681 1479 796 1569 exeipit
813 1499 869 1550 ora

210 1601 355 1673 Crudelis
373 1601 510 1694 tandem,
531 1601 620 1693 eujus
639 1611 670 1672 te
688 1602 820 1672 erimina
838 1601 956 1673 fraudis

210 1728 325 1819 Turpia
344 1747 405 1798 nun
423 1727 550 1798 latuisse
569 1747 654 1810 reor,
674 1747 731 1822 nee
748 1727 869 1818 perfida
887 1729 988 1818 gentis
1096 1701 1099 1710 ¹

210 1851 339 1922 Pectora
357 1851 561 1932 Momuassae
580 1852 712 1942 mitique
732 1850 869 1921 carentia
886 1849 984 1921 eultu.

638 2209 771 2272 LXXXV
869 2271 873 2279 .

211 2473 316 2544 Donec
334 2473 413 2542 inire
430 2473 476 2542 tui
494 2471 661 2543 laetissima
678 2471 784 2542 littera
801 2481 923 2564 pertus,

210 2595 309 2686 Cujus
326 2615 415 2666 amer
431 2594 543 2677 delere,
564 2595 654 2686 eujus
672 2595 838 2667 mitissima
855 2597 963 2680 verba,

209 2721 288 2790 Esse
306 2729 422 2810 queant
440 2719 582 2812 vivisque
600 2720 695 2802 salus,
716 2722 828 2792 etrite
846 2721 987 2812 sepulte,

209 2831 307 2915 Nobie
323 2864 415 2936 pesse
433 2844 552 2924 datum,
572 2845 686 2914 summi
704 2844 819 2934 pietate
837 2845 994 2916 Tonantis.
1033 2881 1045 2918 ι

211 2970 281 3049 Hir,
300 2978 331 3039 te
350 2978 487 3050 auctore,
508 2969 597 3059 quies
614 2968 715 3050 lassis,
733 2971 920 3061 miserisque
937 2970 1090 3052 levamen,

211 3093 270 3162 Hie
287 3095 413 3183 requies
431 3093 527 3174 euris,
547 3093 637 3164 statie
656 3101 688 3163 et
706 3093 882 3182 gratissima
899 3094 990 3164 nubis

212 3217 341 3308 Obtigit.
361 3218 411 3286 En
430 3217 536 3299 retuli,
556 3226 609 3288 tua
627 3217 652 3288 si
670 3237 761 3288 meus
779 3207 888 3296 adsuit,
907 3236 1017 3289 omnes

213 3339 258 3409 Er
276 3361 328 3410 me
345 3361 425 3433 ques
442 3341 557 3431 cupide
575 3341 701 3410 uoluisti
721 3361 850 3412 noscere
868 3361 968 3412 rasus.
1040 3317 1042 3322 ⁵
1079 3315 1083 3324 ’

636 3699 781 3764 LXXXVI

211 3965 319 4047 Nunq-
332 3965 398 4037 Rex
417 3986 542 4056 magne,
566 3964 647 4048 vide,
667 3965 764 4038 fuerit
781 3985 898 4056 geuene
914 3965 977 4036 ulla
996 3985 1055 4056 per
1071 3964 1173 4034 undas

212 4063 299 4176 Quae
317 4090 394 4162 tales
412 4091 534 4182 aperire
553 4091 620 4160 uias
637 4091 767 4161 auderet
785 4091 817 4160 in
835 4090 925 4160 erbe!

211 4214 391 4285 Aeneamne
406 4215 651 4306 putas‚'elerum
668 4216 795 4305 pietaue,
815 4214 969 4284 disertum

212 4337 276 4408 Aut
295 4340 443 4420 ithacum,
461 4342 569 4410 curvis
587 4348 652 4409 tam
669 4340 762 4430 lenge
779 4339 913 4409 navibus
931 4339 1017 4408 isse?

211 4463 311 4534 Nemo
329 4483 366 4534 ea
384 4483 465 4554 quae
483 4463 559 4546 vidi,
579 4483 660 4555 quae
678 4461 750 4534 sum
767 4463 893 4534 uisurus
911 4463 943 4531 in
962 4462 1023 4532 arte

211 4588 370 4679 Aequore,
391 4588 431 4658 sit
449 4581 592 4678 quamvis
609 4586 787 4658 celebratus
804 4587 961 4668 versihuS‚
981 4587 1131 4679 unquam,

213 4713 358 4804 Aspexit3
378 4716 480 4806 potuit
498 4735 579 4806 quae
596 4714 717 4785 uiribus
735 4713 830 4784 edere
848 4722 879 4783 et
897 4721 974 4793 arte,

216 4837 325 4928 Magna
345 4838 429 4918 licet,
448 4840 546 4907 nestri
564 4858 637 4928 pars
655 4847 701 4909 est
719 4846 828 4908 octava
847 4837 972 4907 laberis.
