3384 5372
632 435 720 482 tnnnn
742 435 843 484 NONUS

711 693 762 755 xtt

245 955 343 1022 tusus
360 953 490 1023 dimittit
508 955 681 1044 praefectos
698 955 870 1036 mercibus
890 957 958 1025 ilias

242 1077 415 1168 Aspurtare
431 1079 532 1169 jubet,
552 1081 639 1150 nulio
657 1080 839 1151 discrimine
857 1100 977 1160 secum,

242 1199 442 1293 (Quanquam
459 1222 569 1272 maura
587 1203 701 1278 iremat
718 1189 795 1294 gens
812 1204 921 1285 edera,
942 1205 1035 1274 nuxia
1052 1205 1156 1295 rrubis)

243 1327 287 1398 Ut
306 1347 386 1417 quas
404 1328 503 1399 classe
520 1337 606 1398 tenet
623 1329 707 1399 cives
724 1323 787 1399 sibi
806 1329 904 1400 Gama
921 1329 1071 1399 remittat.

242 1451 377 1522 Excusat
395 1454 574 1543 pariterque
592 1453 691 1532 dulas,
711 1451 918 1545 fraudemque
936 1453 1065 1530 reniet:

242 1576 369 1646 Laetius
388 1585 417 1647 at
436 1575 568 1646 reduces
585 1578 686 1647 sacius
702 1577 766 1646 dux
783 1577 896 1668 accipit
914 1575 982 1646 illas

150 1727 155 1739 ·
242 1701 343 1785 Quam
362 1702 474 1791 recipit
492 1701 582 1770 falsas
599 1721 720 1781 causas,
741 1709 773 1770 et
790 1709 878 1791 parte
895 1701 1027 1771 remissa

243 1823 444 1914 Aethiopum,
463 1834 558 1894 vento
575 1825 716 1914 surgenti
736 1823 864 1894 carbasa
883 1823 984 1894 solvit.

707 2183 766 2246 Xlss

240 2447 383 2553 derigat,
403 2455 435 2516 et
452 2446 556 2517 incites
573 2447 676 2538 peiagi
695 2447 856 2518 descendit
873 2447 912 2517 ad
930 2469 1013 2527 eras,

239 2572 363 2662 Quippe
380 2571 464 2642 ridet
481 2572 566 2642 uuila
584 2591 693 2662 regem
710 2574 830 2642 ratione
846 2571 1011 2662 profanum

240 2695 352 2766 Pacem
368 2695 591 2776 admissurum,
611 2715 707 2786 quam
724 2695 790 2766 soie
808 2695 868 2765 hue
885 2697 1011 2766 nomine
1029 2697 1162 2786 quaerit,

239 2820 283 2892 Ut
300 2831 445 2892 maneant
461 2821 555 2892 firma
573 2822 762 2892 commercia
779 2821 905 2892 ioedere
922 2831 1023 2912 pacta.

239 2945 302 3016 Sed
320 2946 468 3036 quoniam
484 2946 567 3016 Eous
585 2945 672 3015 licuit
690 2953 857 3036 penetrare
875 2965 1027 3028 recessus,

239 3069 444 3161 Auroraeque
460 3069 580 3160 plagas,
598 3049 813 3160 thalamusque
830 3089 999 3162 agnuscere
1016 3071 1101 3151 sutis,

239 3195 306 3265 Hac
324 3202 445 3265 tantum
463 3195 495 3264 in
513 3195 609 3265 rutis:
629 3196 811 3287 patriusque
826 3196 934 3266 videre
952 3205 1080 3288 penates

240 3321 385 3392 iuventae
403 3329 433 3391 et
452 3323 520 3410 regi
539 3321 677 3410 regionis
690 3322 780 3412 signa
800 3321 929 3392 reterre.

698 3679 762 3744 XIV

237 3944 402 4014 Madabaris
419 3943 571 4035 quosdam
589 3944 675 4014 cives
693 3944 734 4014 de
751 3951 846 4034 gente
862 3944 990 4033 protana

237 4069 365 4142 ltlurum
384 4091 403 4140 e
421 4089 563 4151 numem,
585 4089 664 4161 quus
681 4067 867 4139 Zamoriuus
884 4069 924 4139 ah
941 4069 1022 4139 urbe

237 4195 344 4278 Quum
360 4192 420 4264 sibi
438 4193 576 4264 restituit
591 4192 765 4285 praefectos
780 4191 941 4263 mercibus
957 4201 1041 4272 ante,

227 4318 375 4400 Miserat,
396 4317 522 4388 abducit
538 4337 661 4400 secum;
680 4324 847 4408 portatque
864 4325 1045 4408 coemptum

235 4443 276 4513 Et
294 4443 395 4534 piper,
416 4419 448 4513 et
466 4444 582 4513 sinuum
600 4462 698 4534 (prem
714 4443 825 4513 ssurem
842 4441 947 4512 Banda
966 4441 1096 4522 crearit,

235 4567 333 4638 audit
350 4577 381 4638 et
399 4567 470 4638 iude
488 4585 594 4647 nuces,
614 4575 646 4638 et
663 4566 864 4659 garyophyiia
881 4566 997 4637 miuus

235 4692 420 4771 Memnoni,
439 4692 540 4762 clarae
559 4711 639 4783 iprae
656 4692 752 4784 gloria
770 4711 882 4782 magna
900 4690 1026 4770 Maluci,

235 4815 417 4906 Ceilanique
435 4817 543 4896 decus,
563 4817 689 4898 casiam,
710 4837 791 4907 quae
808 4817 905 4907 irriget
923 4817 1030 4886 adura.
1093 4837 1098 4847 ·
