3406 5378
483 508 631 556 dordone
649 507 682 554 ΙΝ
701 506 817 555 tronum
836 505 957 552 PRIMUM

657 770 794 834 txxvr

224 955 290 1025 lmo
309 957 484 1046 indignanti
502 966 612 1048 pereat
631 977 704 1026 oum
724 953 823 1024 olasse
843 953 1012 1044 profundo.

170 1145 271 1210 Nonne
284 1149 383 1212 melius
397 1147 557 1212 diceretur?

224 1329 301 1412 lmo,
322 1315 469 1402 demersa
487 1339 598 1423 pereat
612 1351 685 1400 oum
705 1331 807 1400 classe
826 1328 995 1419 profundo.

224 1525 284 1610 Qui
303 1535 391 1597 tenet
409 1529 591 1598 articulos.
610 1583 640 1598 ..

171 1717 329 1783 Scriberom
347 1721 457 1800 potius:

224 1900 377 1972 Articulis
396 1923 517 1992 gnavus
536 1903 590 1994 qui
610 1902 697 1971 novit
717 1899 867 1991 temporis
888 1900 945 1970 uti.

647 2143 798 2208 lxxvii

226 2329 260 2398 ln
279 2327 398 2420 Capitis
416 2329 505 2399 littus
524 2337 653 2420 torquet
671 2328 805 2418 vestigia
825 2327 943 2397 Prassi.

172 2523 253 2586 Certe
278 2522 371 2604 Caput
394 2542 445 2605 pro
467 2523 653 2605 promontorio
676 2523 760 2584 latine
783 2541 837 2584 non
859 2523 928 2584 beno
951 2513 1065 2584 dicitur:
1089 2520 1215 2582 oreusari
1234 2532 1325 2584 amen

118 2633 206 2705 potest
226 2635 306 2705 poeta
325 2633 436 2704 propter
456 2622 537 2684 metri
557 2622 764 2694 necessitatemr
780 2619 875 2700 etjam
897 2619 1021 2694 Freuud,
1037 2619 1249 2701 lexicograplms
1270 2620 1325 2682 ola·

119 2721 258 2795 rissimus,
275 2721 327 2782 hoo
340 2719 508 2782 vocabulum
521 2721 550 2782 in
565 2718 748 2802 quorumdam
763 2717 1016 2800 promontoriorum
1032 2717 1143 2779 nomine
1158 2717 1272 2798 recepit.

225 2902 327 2987 Quem
345 2901 557 2994 Mozambiqui
577 2901 720 2971 celebrat
738 2900 848 2992 gloria,
871 2900 985 2980 Mauri,
1055 2977 1058 2985 ,

172 3093 283 3156 llaliui:

225 3277 329 3362 Quem
346 3276 556 3368 Mozambiqui
575 3295 654 3366 gens
672 3275 779 3346 laudat
797 3274 945 3357 barbara,
968 3275 1082 3347 Mauri.

646 3530 799 3594 Lxxxtt

170 3711 325 3793 Displicent
343 3710 432 3772 libero
455 3709 582 3782 bruelio,
601 3709 699 3771 mollio
719 3710 844 3772 vincula.
860 3710 998 3793 Equidem
1019 3729 1069 3793 pro
1084 3711 1171 3772 tribus
1186 3709 1327 3792 prioribus

118 3808 246 3872 versibus
261 3808 311 3871 hos
327 3827 470 3891 ponerem:
551 3853 554 3862 .

226 3991 311 4061 Haeo
329 3991 382 4060 vir
401 3991 544 4060 ediderat
562 3991 697 4072 Numen,
719 4011 818 4081 quum
835 3989 964 4060 brachia
984 3991 1063 4062 rollo

226 4117 412 4206 Longaeurs
431 4136 575 4198 maurus,
596 4135 729 4207 gnavus,
750 4115 976 4185 blandissimus
995 4125 1077 4196 astu,

227 4239 410 4311 Circumdat
428 4241 552 4323 Baoehi,
574 4241 627 4333 qui
647 4241 718 4310 talia
737 4259 814 4311 vore
833 4240 992 4310 monebat.

640 4512 809 4577 LXXXlll

235 4697 378 4766 ...tanti
398 4697 451 4787 qui
472 4697 512 4765 sit
528 4695 644 4764 srdnoia
665 4696 747 4765 laeti.

175 4886 265 4949 Simili
280 4887 308 4949 in
323 4908 406 4950 sensu
421 4889 558 4970 reperitur
571 4888 679 4970 fiducia
694 4887 767 4970 apud
783 4886 944 4950 Ciceronem
960 4891 1014 4953 l’ro
1029 4889 1106 4951 Flac.
1123 4887 1173 4950 21.
