3406 5378
602 429 689 474 nruun
712 430 844 476 tinnitus

678 686 764 748 tlxtt'

225 947 381 1018 luterimit
399 947 565 1038 proprium
585 947 705 1016 crudeli
724 948 853 1018 vulnere
873 957 992 1030 natum,

224 1070 446 1160 lnsontemque
467 1071 555 1140 necis
574 1069 761 1142 condemnat
781 1073 914 1141 crimine
933 1072 1100 1155 'l'bomam;

225 1197 271 1266 De
288 1215 388 1276 more,
410 1196 542 1265 infames
560 1196 700 1266 rendunt
718 1197 857 1287 perjuria
875 1207 980 1278 testes,

225 1321 361 1390 Thomas
375 1320 494 1411 judicio
513 1321 623 1412 capitis
642 1320 807 1390 damnatur
826 1322 948 1412 iniquo:

224 1445 386 1536 Ellugium
404 1445 503 1514 Divus
522 1446 576 1535 qui
595 1465 656 1514 non
676 1445 760 1515 videt
780 1448 883 1536 aptius
900 1445 1011 1526 ullum,

225 1570 454 1661 Omnipotentis
473 1591 566 1661 opem
586 1591 748 1662 quaerens,
771 1591 880 1640 vocare
898 1579 1061 1662 parentem

113 1768 121 1789 ,
224 1694 337 1764 Coram
356 1713 432 1783 rege
451 1701 550 1784 parat,
570 1695 747 1784 primorum
766 1694 907 1764 adstante
927 1701 1052 1776 corona,

225 1819 472 1910 Prodigiumque
492 1820 556 1888 edit
575 1819 684 1890 saeclis
702 1820 904 1890 memorabile
923 1822 1053 1890 cunctis.

682 2179 757 2240 CXV

226 2437 383 2509 Continuo
401 2440 508 2508 atlerri
527 2440 619 2529 pueri
635 2438 727 2529 jubet
745 2443 816 2508 ante
834 2440 975 2519 cadaver,

226 2563 344 2634 lndicet
361 2573 408 2646 ut,
429 2584 540 2634 rursus
558 2564 663 2634 divino
681 2583 813 2634 munere
831 2565 948 2644 vivens,

229 2687 306 2770 Quis
324 2689 464 2768 sceleris,
485 2688 651 2778 caedisque
671 2691 800 2758 auctori
820 2689 868 2757 cui
887 2708 960 2757 vera
979 2687 1084 2756 latenti

226 2810 358 2882 Prorsus
375 2811 516 2882 habenda
535 2811 623 2891 fides,
645 2812 710 2881 rina
730 2831 927 2902 quacumque
945 2811 1110 2901 dirempta.

225 2934 392 3025 Aspiciunt
410 2955 534 3016 omnes·
550 2935 816 3024 prolatonomine
833 2934 962 3014 Christi,

226 3060 415 3150 Surgentem
433 3079 580 3150 puerum,
600 3060 723 3150 superis
742 3062 796 3150 qui
816 3059 957 3130 redditus
974 3060 1059 3130 auris

225 3184 376 3253 Persolvit
393 3183 529 3253 Thomae
548 3184 629 3252 vitae
647 3204 706 3273 pro
725 3203 856 3254 munere
875 3193 987 3274 grates,

226 3305 459 3398 ductoremque
479 3327 552 3378 suae
571 3307 675 3396 prodit
694 3308 781 3376 necis
800 3328 867 3377 esse
886 3316 1061 3398 parentem.

639 3757 643 3764 Ι
676 3669 764 3731 ttxt't

227 3929 394 4018 Obstupet,
415 3930 463 4000 his
481 3930 566 4011 uisis,
587 3929 722 4021 poprdus
740 3930 793 4020 qui
813 3939 924 4000 cuncta
943 3931 1082 4010 notabat;

227 4053 293 4122 Rex
312 4052 380 4123 vult
399 4055 546 4124 continuo
565 4054 643 4144 tingi
662 4052 843 4123 lustralibus
860 4053 964 4134 undis,

226 4175 306 4274 Cum
324 4177 448 4248 multis:
470 4179 519 4247 alii
539 4179 677 4248 Thomae
696 4177 769 4246 dant
787 4179 893 4247 oscula
910 4178 1000 4258 vesti,

226 4290 452 4393 Extolluntque
470 4303 521 4372 alii
541 4301 658 4373 Christi
676 4301 854 4373 venerabile
873 4322 998 4373 nomen.

225 4425 438 4497 Brabmanum
457 4427 550 4498 lalsae
568 4428 671 4518 gliscit
689 4427 835 4496 violentia
854 4435 971 4508 sectae;

226 4550 303 4620 Tam
321 4551 427 4641 rapide
446 4552 581 4622 invidiae
601 4555 699 4641 serpit
718 4573 779 4643 per
797 4553 917 4621 viscera
934 4552 1030 4631 vims,
1148 4647 1149 4652 Ἰ

226 4674 357 4746 Artibus
375 4687 411 4747 ut
430 4677 525 4746 variis
543 4677 672 4767 decepta
690 4676 782 4767 plebe
799 4675 953 4766 dolisque,

228 4797 356 4870 Crudeli
372 4809 508 4870 statuant
527 4801 679 4871 insontem
698 4800 808 4871 tollere
825 4801 898 4870 leto.

301 4914 326 4953 26
