3384 5372
936 413 1089 461 cosmum:

967 671 1057 732 extx

516 934 639 1002 Nomen
658 953 735 1023 gens
754 935 827 1003 colit
845 933 1005 1023 egregiam
1023 933 1193 1022 legemque
1212 930 1388 1021 Prophetae

516 1059 626 1128 blatris
644 1059 775 1148 virginei
795 1059 893 1148 geniti
910 1058 979 1126 sine
999 1056 1069 1126 labe
1087 1055 1231 1146 pudoris

515 1181 560 1253 Ut
578 1182 703 1272 penitus
722 1190 853 1262 constet,
875 1181 979 1250 divine
997 1181 1133 1260 llamine,
1146 1179 1290 1250 Verbum
1365 1184 1368 1192 '

516 1307 598 1376 Esse
616 1307 687 1388 Dei,
706 1287 906 1377 nutu'totum
926 1306 979 1395 qui
1001 1313 1155 1395 temperat
1174 1304 1296 1374 orbem.

515 1432 601 1500 Luso
620 1429 658 1498 do
678 1431 794 1520 populo
810 1430 912 1499 nostri
930 1429 1061 1520 vulgare
1080 1437 1228 1519 parentes

516 1555 597 1625 Sunt
616 1554 708 1634 soliti,
730 1553 883 1624 invictum
901 1563 984 1624 stare
1005 1553 1047 1622 illi
1067 1555 1097 1623 in
1116 1561 1247 1643 pectore
1267 1552 1381 1624 robur:
1451 1535 1457 1546 ’

516 1678 646 1768 Experti
666 1678 697 1747 id
717 1697 810 1768 saepe
828 1678 913 1748 illius
933 1687 1005 1747 sunt
1026 1677 1156 1746 lulmine
1174 1675 1316 1758 dextrae,
1362 1690 1367 1698 ’

515 1802 556 1871 Et
574 1811 619 1872 tot
638 1811 819 1872 nostrorum
837 1802 944 1873 clades
964 1810 1120 1871 testantur
1138 1821 1283 1872 avorum.

972 2162 1051 2224 Lxx
1096 2221 1099 2230 .

516 2425 665 2495 Lusiades
683 2427 810 2508 etenim,
830 2425 912 2496 ultra
931 2429 1026 2516 quam
1043 2425 1227 2515 promittere
1245 2425 1331 2494 vires

519 2549 679 2620 Humanae
699 2550 829 2629 soleant,
849 2559 976 2620 nostros
994 2550 1143 2640 pepulere
1161 2559 1321 2639 parentes

516 2676 631 2745 Enimii
651 2675 752 2755 lactis,
773 2675 912 2746 illustres
930 2678 1066 2756 nomine,
1088 2677 1209 2766 campis

517 2801 604 2885 Quos
622 2800 726 2890 Tagus
743 2799 914 2880 humectat,
934 2820 1013 2891 quos
1031 2799 1145 2870 blande
1162 2799 1273 2870 lambit
1286 2798 1446 2890 linusque.

516 2925 582 2995 Nec
602 2925 689 3005 satis,
710 2925 793 2995 ultra
812 2926 907 2995 etiam
925 2927 1068 3016 provecti
1087 2925 1119 2994 in
1137 2925 1241 2995 littora
1260 2946 1380 3006 maura,

517 3048 643 3138 Imperii
662 3049 773 3118 tumidi
793 3050 871 3119 heta
891 3049 1057 3119 lormidata
1076 3058 1233 3130 secantes,
1293 3110 1300 3122 .

518 3173 609 3243 Haud
626 3193 685 3242 nos
704 3175 888 3263 permittunt
906 3173 1023 3248 nostris
1042 3174 1243 3263 requiescere
1263 3173 1369 3253 terris,

517 3297 706 3389 Expugnant
725 3297 837 3379 urbes
855 3307 948 3389 atque
967 3297 1039 3367 altis
1056 3298 1223 3369 moenibus
1241 3298 1369 3368 instant.

968 3659 1057 3726 LXXI

518 3923 594 4003 Nec,
614 3943 711 4013 quum
730 3931 830 3992 marte
849 3921 914 3991 iero
933 3920 1041 3991 videre
1060 3923 1237 4012 irrumpere
1255 3919 1351 4002 bella,

518 4046 699 4118 Exhibuere
716 4049 822 4114 minus
841 4046 1002 4136 specimen
1019 4045 1146 4128 virtutis
1164 4054 1196 4114 et
1215 4046 1302 4125 artis

518 4172 586 4240 Seu
601 4170 721 4242 bellum
737 4179 882 4240 moveant
899 4169 1048 4260 hispanae
1065 4171 1177 4238 martia
1197 4172 1300 4260 gentis

519 4295 665 4386 Agmina,
686 4314 743 4364 seu
761 4294 847 4364 celso
864 4295 988 4364 veniant
1007 4315 1088 4385 quae
1105 4303 1214 4363 monte
1231 4292 1381 4382 Pyrenes

425 4507 429 4514 Ι
518 4419 667 4491 Externis
683 4419 780 4509 igitur
797 4439 959 4510 nunquam
979 4417 1130 4488 cecidisse
1148 4417 1206 4487 suh
1226 4417 1324 4486 armis

520 4517 751 4635 Comperimus,
771 4544 948 4634 pugnisque
965 4541 1049 4612 hosti
1067 4544 1198 4612 cessisse
1215 4541 1374 4612 subactos.

518 4669 617 4760 ldque
636 4667 693 4737 tibi
712 4666 867 4737 affirmem
884 4687 1032 4758 prorsus:
1053 4687 1115 4735 non
1132 4667 1284 4736 hactonus
1303 4666 1387 4736 ullus
1508 4747 1513 4755 Ι

520 4795 588 4865 Hos
607 4801 714 4863 contra
728 4792 898 4863 hnnibales
916 4791 1083 4864 Marcellus
1101 4792 1217 4883 prodiit
1235 4812 1380 4883 usquam.
