3394 5372
568 453 658 500 LIBER
677 452 826 502 SEPTIMUS

652 712 743 776 LXVI

202 973 301 1043 Gama
319 973 443 1051 exinde,
464 975 530 1043 suis
547 973 639 1042 sociis
657 974 878 1044 comitantibus
895 974 996 1056 illum,

200 1096 359 1167 Praesidis
377 1106 427 1167 est
446 1105 598 1188 exceptus
616 1105 699 1167 tecto
718 1108 750 1167 et
767 1098 894 1168 sedibus
913 1099 993 1180 altis,

200 1221 333 1290 Nomine
349 1213 406 1312 'qm
425 1222 509 1310 regis
526 1221 661 1312 populos
680 1220 821 1291 frenabat
838 1222 938 1292 Eoos:

200 1345 303 1416 Indica
323 1366 400 1437 gens
418 1355 541 1416 nostros
559 1345 741 1437 adspectans
758 1346 837 1416 laeta
855 1346 983 1417 salutat:

200 1467 242 1538 At
260 1469 369 1540 Catual
386 1489 510 1540 memor
528 1470 635 1552 officii,
657 1471 806 1563 regIsque
824 1471 968 1541 minister

186 1591 348 1675 -Sedulus,
369 1614 386 1663 a
404 1614 517 1684 magno
535 1593 679 1664 mandata
697 1604 860 1685 acceperat
880 1599 950 1664 ante
977 1611 981 1622 ·

199 1717 285 1808 Rege
304 1739 372 1798 suo,
393 1721 494 1809 gentis
512 1721 699 1809 peregrinae
717 1719 878 1810 inquirere
896 1740 1013 1797 mores,

199 1842 284 1926 Quas
303 1843 393 1934 leges
413 1839 551 1924 servent,
572 1853 602 1914 et
621 1865 682 1934 ipra
700 1845 828 1935 regione
847 1853 1019 1915 morentur.

645 2203 744 2268 LXVII

197 2467 270 2538 Mox
288 2465 343 2536 ubi
362 2466 558 2536 flammantes
576 2466 700 2555 aspexit
717 2466 749 2534 in
767 2465 893 2536 aethere
910 2465 1012 2556 bigas,

188 2591 296 2682 ¹Queis
314 2590 453 2672 vehitur,
472 2597 666 2681 renovatque
686 2589 771 2660 diem
789 2589 924 2660 crinitus
937 2588 1060 2683 Apollo,

196 2714 288 2785 Accit
305 2715 503 2786 Monsaidum
520 2715 649 2797 festine;
669 2722 753 2785 tanta
771 2713 887 2804 cupido

195 2838 318 2909 Excitat
334 2841 482 2930 ignotam,
504 2839 694 2929 quaerendo,
715 2858 886 2929 agnoscere
904 2849 1040 2929 gentem.

196 2964 328 3055 Jamque
345 2974 475 3034 vocatus
493 2964 580 3034 adest
599 2983 744 3032 maurus:
765 2983 838 3032 mon
857 2965 981 3054 quaerit
999 2963 1038 3033 ab
1056 2964 1110 3034 iilo

195 3088 442 3180 Perspectumne
462 3087 533 3166 sibi,
553 3093 639 3158 certa
658 3096 690 3156 et
708 3089 827 3158 ratione
844 3089 1025 3179 probatum,

197 3213 284 3297 Quae
302 3233 378 3302 gens
396 3213 448 3282 illa
466 3211 563 3294 ioret;
584 3232 721 3304 namque
741 3214 809 3303 ipse
829 3224 993 3304 acceperat
1011 3224 1081 3285 ante

195 3335 283 3408 diris
301 3337 384 3408 haud
403 3338 495 3428 longe
513 3336 595 3406 fines
612 3337 754 3408 habitare
772 3337 901 3408 feraces.

633 3697 747 3760 LXVIII

196 3959 334 4031 Postulat
351 3965 388 4029 ut
406 3978 474 4028 sese
493 3957 603 4029 doceat
619 3957 659 4027 de
677 3965 770 4048 gente
787 3969 908 4028 remota

195 4085 282 4169 Quae
300 4083 395 4165 ndrit,
414 4091 516 4153 taceat
534 4082 588 4162 nil,
610 4103 683 4152 nam
701 4082 745 4151 sic
763 4102 899 4172 poscere
919 4085 1001 4173 regis

195 4208 404 4299 Obsequium
424 4209 488 4298 qud
507 4207 588 4276 scire
607 4216 700 4296 queat
719 4206 796 4296 quid
813 4217 954 4297 praestet
973 4210 1129 4300 agendum

195 4331 331 4404 Consilio
347 4333 397 4402 his
415 4330 512 4402 rebus
530 4330 687 4421 prudenti.
708 4330 793 4400 Talia
811 4331 915 4401 reddit

192 4458 389 4531 Monsaidus:
409 4458 497 4527 Licet
514 4456 646 4526 ulterius
665 4457 854 4527 contendere
873 4457 989 4528 uellem

192 4583 366 4664 Narrando,
386 4602 448 4653 non
466 4583 559 4672 ptura
576 4581 653 4650 mihi
672 4589 840 4671 perspecta
857 4581 1021 4664 docerem;

192 4710 261 4781 Hoc
280 4718 402 4779 tantum
419 4705 504 4787 nori,
523 4706 646 4774 vicinos
664 4725 733 4776 esse
750 4714 880 4796 penates

193 4813 364 4905 Lusiadum
381 4832 506 4912 nostris,
525 4829 580 4900 mi
598 4829 689 4900 Titan
707 4830 862 4921 mergitur
879 4831 982 4902 undis
