3384 5372
602 451 689 498 urano
708 451 847 498 tlcltt'lls

692 707 754 770 tlt

228 967 255 1036 0
274 975 427 1056 quantum
444 967 536 1037 decet
555 969 721 1058 egregium
739 970 954 1039 moderamine
972 989 1092 1059 regem,

227 1090 372 1160 Consiliis
390 1093 491 1162 socios
509 1111 638 1183 aequos,
660 1092 832 1183 doctosque
850 1094 1011 1164 ministros

227 1215 367 1305 Eligerel
390 1223 421 1284 et
439 1215 557 1304 pariter
576 1235 655 1305 quos
674 1235 797 1286 summo
816 1225 930 1286 tractet
947 1217 1077 1300 honore,

227 1338 329 1422 Quam
347 1337 438 1408 decet
456 1357 524 1409 esse
542 1338 605 1408 lide
624 1338 738 1420 claros,
757 1340 884 1410 virtutis
902 1343 1056 1411 amantesl

227 1462 306 1531 Nam
325 1482 424 1552 quum
442 1483 591 1554 supremo
610 1472 714 1535 teneat
731 1465 852 1556 fastigia
872 1485 981 1534 rerum

227 1587 379 1657 Enoelsus
396 1588 487 1668 solio,
507 1607 600 1678 saepe
619 1591 816 1660 occurrentia
834 1589 926 1679 longe

227 1710 317 1781 Haud
336 1711 460 1801 penitus
477 1713 595 1801 poterit
613 1733 765 1802 cognosse
782 1714 905 1803 negotia
924 1716 1025 1804 regni,

227 1835 320 1904 Facta
339 1835 398 1905 nisi
417 1825 575 1926 exponant
593 1837 704 1926 vigiles
722 1837 840 1928 tidique
858 1838 1003 1908 ministri.

697 2194 747 2257 LV

228 2454 291 2524 Nec
309 2463 413 2524 tamen
432 2465 577 2545 exoptem
596 2454 668 2551 plus
686 2474 786 2544 aequo
803 2463 839 2524 ut
857 2455 1004 2525 credulus
1020 2456 1085 2536 ille,

227 2580 408 2672 Respiciens
427 2580 528 2654 solum
547 2588 648 2650 castae
666 2580 791 2650 uirtutis
809 2579 973 2661 honoram,

226 2703 371 2774 Entemis
388 2704 462 2774 fidat
480 2705 579 2794 signis
596 2704 767 2795 habituque
785 2703 941 2784 modesto;

226 2825 379 2918 (Ambitio
397 2828 557 2898 interdum
573 2828 628 2898 vili
646 2829 705 2898 sub
723 2837 809 2897 veste
828 2827 964 2920 latescit)

227 2951 372 3022 Namvir
390 2972 486 3042 quem
503 2961 627 3022 sanotae
646 2951 778 3021 delectat
796 2952 906 3022 semita
925 2953 1016 3032 vitae,

227 3076 313 3146 Hanc
331 3078 473 3167 sequitur
490 3084 626 3157 tantum;
647 3075 766 3146 oonlusi
785 3077 909 3165 negotia
927 3075 1037 3146 mundi

226 3201 362 3292 Ignorat,
382 3221 440 3272 neo
458 3202 545 3272 enim
563 3223 624 3272 non
643 3202 694 3272 illa
713 3202 811 3272 aliena
828 3199 950 3290 putabit

227 3325 315 3396 Mens
333 3327 451 3407 insons,
469 3334 592 3395 tantum
610 3325 735 3394 coelesti
755 3325 873 3394 intenta
891 3324 992 3394 saluti.

693 3681 753 3743 LVl

226 3947 284 4018 Ast
303 3947 359 4028 illi,
379 3964 516 4036 quorum
533 3963 623 4015 mens
641 3947 710 4015 auri
729 3945 859 4015 ardebat
877 3965 993 4025 amora,

226 4071 287 4156 Qui
305 4070 413 4141 dicunt
429 4070 546 4162 populo
563 4067 708 4140 Catuales
722 4070 795 4161 jura
813 4068 954 4159 prolano,

225 4195 382 4266 Tartareis
399 4195 459 4264 acti
478 4194 595 4274 Furiis,
614 4190 816 4284 pessumdare
834 4194 934 4264 Lusus

226 4318 440 4401 constituant,
453 4319 572 4408 *aderm
591 4337 708 4398 moras,
728 4328 760 4389 et
778 4317 890 4390 obesse
906 4318 1068 4390 morando.

225 4443 288 4515 Sed
305 4444 404 4515 Gama
421 4445 481 4514 hoc
499 4463 609 4524 unum,
630 4451 715 4512 tanto
732 4444 765 4512 in
783 4443 943 4513 molimine
961 4463 1070 4514 rerum

225 4568 310 4652 Quas
328 4588 405 4658 gens
422 4587 532 4638 maura
550 4577 651 4658 parat,
671 4567 768 4636 volvit
787 4567 847 4637 alto
865 4567 897 4636 in
915 4575 1054 4657 pectore,
1074 4569 1162 4658 signa

226 4692 387 4776 Quaenam
404 4691 487 4763 lerre
506 4700 600 4782 queat
619 4691 698 4782 regi,
718 4691 902 4771 certissima,
922 4690 1030 4771 clausi,

226 4816 328 4901 Quem
345 4818 457 4909 pelago
476 4819 601 4888 tandem
620 4837 747 4888 emenso
766 4817 965 4907 patefecerat,
984 4815 1080 4888 orbis.
