3406 5378
601 461 688 508 clena
707 461 842 510 DECIMUS

647 719 790 782 LXXXIV

223 987 281 1056 Hic
300 985 399 1076 igitur
416 983 508 1053 lictos
525 983 650 1052 varians
668 983 792 1072 pictura
812 983 945 1061 colores,

220 1111 265 1182 Ut
283 1111 395 1180 doceat
412 1109 580 1200 pulsetque
599 1107 685 1197 lyrae
703 1107 870 1178 dulcedine
888 1114 1022 1186 mentes,

221 1235 353 1306 Nomina
371 1231 537 1324 spiritibus
555 1229 746 1302 coelestibus
765 1230 876 1300 indidit
894 1229 945 1300 illa

220 1357 409 1430 Numinibus
427 1357 509 1427 fictis
527 1355 657 1426 dederat
676 1375 757 1446 quae
774 1375 853 1424 vana
872 1354 993 1445 podsis:

220 1483 389 1576 Argolicos
408 1483 502 1552 etiam
522 1502 620 1573 puros
638 1483 705 1552 siue
724 1499 856 1571 corpore
875 1489 984 1551 coelam

220 1607 367 1678 Carmina
385 1627 473 1678 sacra
492 1606 569 1676 deos
587 1605 713 1676 siddimi
733 1607 860 1676 nomine
880 1604 1003 1673 dicunt:

220 1733 382 1804 Interdum
399 1733 505 1824 pravis
523 1732 624 1822 geniis
643 1751 719 1821 gens
738 1731 835 1800 inscia
854 1749 968 1800 nomen

218 1859 290 1930 Tale
309 1859 361 1928 dat
380 1858 553 1938 immerito,
574 1875 668 1946 quam
688 1855 788 1946 turpis
805 1855 922 1944 decipit
940 1873 1040 1924 error.
1122 1885 1127 1900 ·

637 2215 767 2276 LXXXV

217 2483 271 2552 llle
290 2482 375 2551 Deus
393 2479 519 2550 tandem
537 2480 639 2549 causis
656 2479 711 2568 qui
729 2485 841 2547 cuncta
860 2477 1007 2547 secundis

217 2607 378 2699 Disposuit
396 2605 547 2696 prudens,
567 2605 633 2674 solo
652 2604 734 2694 regit
752 2602 856 2673 omnia
874 2612 969 2672 nutu:

217 2732 281 2802 Sed
299 2750 440 2822 pergam,
460 2729 510 2800 his
528 2729 644 2807 missis,
664 2746 761 2817 opera
779 2725 962 2796 admiranda
981 2725 1103 2798 rolerre

217 2856 304 2940 Quae
322 2855 396 2926 lecit
413 2875 524 2924 rerum
542 2861 726 2922 cunctamm
744 2853 899 2921 maximus
913 2850 1048 2921 Auctor:

217 2980 304 3051 Orbe
322 2979 381 3049 sub
400 2979 459 3048 boc
476 2977 532 3047 ubi
545 2976 655 3070 ,divino
673 2997 707 3046 se
727 2976 870 3046 Numinis
888 2976 988 3045 almae

216 3105 395 3196 Conspectu
412 3113 557 3174 recreant
574 3110 707 3181 mentes,
728 3102 782 3192 qui
801 3100 974 3171 immobilis
991 3100 1110 3182 haeret,

216 3229 306 3300 Alter
323 3230 369 3298 sic
388 3227 498 3319 rapido
516 3228 679 3318 ferturque
698 3226 845 3315 volatque
863 3235 978 3304 rotatu,

215 3355 261 3428 Ut
279 3357 382 3425 visum
399 3349 539 3443 effugiat,
560 3353 699 3442 primum
717 3353 767 3420 cui
785 3349 902 3421 Mobile
920 3370 1045 3422 nomen.

639 3709 782 3774 LXXXVl

217 3980 285 4048 lloc
302 3977 400 4048 celeri
419 3983 512 4066 raptu
530 3974 628 4064 (tauta
646 3982 694 4042 est
712 3974 859 4043 violentia
877 3973 995 4064 motus)

216 4103 302 4188 Quos
320 4101 413 4171 habet
432 4100 463 4169 iu
483 4099 616 4190 gremio,
636 4098 749 4188 reliqui
767 4099 933 4188 rapiuntur
951 4105 982 4166 ot
1000 4098 1108 4169 orbes:

215 4229 284 4299 lloc
301 4237 406 4297 motus
419 4226 520 4306 Titan,
540 4223 713 4314 procedens
731 4223 829 4292 limite
847 4222 919 4302 liro,

214 4352 332 4433 Efficit,
351 4351 434 4420 baud
452 4350 581 4440 proprio
600 4369 705 4430 cursu,
726 4356 897 4438 noctesque
916 4347 1061 4438 diesqne;

215 4477 300 4547 Orbe
318 4475 377 4546 sub
396 4475 455 4545 boc
474 4474 569 4546 celeri
587 4475 690 4544 lentus
707 4493 742 4543 se
760 4481 938 4543 commovet
956 4474 1047 4555 alter,

215 4603 268 4672 Sic
286 4600 394 4671 tardus
411 4599 511 4670 lactus
529 4598 601 4668 duri
618 4598 835 4668 moderamine
853 4597 944 4677 lreui,

214 4725 259 4797 Ut
277 4725 354 4794 dnm
372 4723 419 4794 sol
437 4723 547 4814 ludget,
567 4743 679 4792 cursus
695 4723 882 4812 peragitque
901 4721 1062 4800 ducentos,

213 4849 273 4918 Vix
291 4869 390 4918 rrnrrm
409 4856 549 4938 peragat,
569 4847 658 4918 tardo
678 4846 849 4927 molimine,
868 4867 1006 4936 passum.
