3384 5370
913 454 1069 526 ursxxuxu

940 711 1043 774 dxxv

499 973 649 1046 Conscius
667 982 697 1044 at
715 973 803 1044 tusae
821 975 888 1044 Rex
907 981 940 1044 et
956 974 1092 1054 virtutis,
1112 982 1144 1044 et
1162 974 1242 1046 altae

498 1099 622 1178 indolis,
642 1101 672 1168 in
691 1097 814 1168 coelum
833 1117 946 1190 magno
965 1118 1042 1189 quas
1060 1099 1185 1168 nomine
1203 1097 1283 1168 tama

497 1223 621 1304 Evehit,
641 1223 770 1303 exultat,
790 1223 873 1313 quod
891 1223 1002 1292 martia
1020 1227 1145 1312 pectora
1164 1223 1264 1312 gentis

496 1347 641 1436 Excipiet
659 1355 779 1436 portus,
800 1347 980 1436 meritisque
999 1345 1176 1435 ingentibus
1193 1356 1314 1436 aequat.

498 1471 582 1560 Ergo
600 1470 701 1539 liberis
719 1489 877 1560 veraxque
897 1469 1002 1550 animi,
1023 1469 1108 1559 quod
1127 1469 1222 1540 eorda
1240 1470 1370 1540 decebat

497 1595 604 1684 Regia,
625 1597 655 1663 iu
675 1593 845 1684 hospitium
863 1593 970 1664 verbis
987 1597 1096 1664 invitat
1115 1593 1253 1674 amicis„
1313 1689 1317 1698 Ι

498 1719 649 1789 Hortatus
666 1718 785 1788 ratibus
803 1717 1004 1799 descendere,
1023 1727 1102 1788 teuta
1121 1717 1237 1800 subire,

498 1843 540 1913 Se
559 1841 647 1912 ducis
666 1843 706 1912 ad
723 1851 837 1913 nutum
854 1843 922 1934 lysii
940 1863 1073 1933 regnare
1090 1851 1246 1934 paratum.

934 2195 1051 2262 LXXV}

412 2535 414 2542 ,
498 2462 561 2532 Neo
579 2461 663 2532 imus
679 2461 741 2531 ulla
759 2457 865 2531 subest
882 2461 997 2544 animo,
1017 2469 1071 2531 aut
1088 2463 1136 2532 vis
1153 2461 1272 2552 perfida
1289 2461 1397 2546 diotis;

496 2585 581 2656 Vera
598 2584 677 2656 fides
694 2587 794 2656 iuerat
811 2585 941 2666 eunetis,
961 2605 1019 2656 neo
1036 2585 1105 2655 lusa
1123 2585 1229 2656 ieieiiit

497 2708 640 2800 Agmina,
661 2729 733 2780 nam
751 2710 864 2779 merito
881 2712 949 2780 Rex
967 2709 1142 2800 excipiebat
1160 2711 1277 2782 honoro
1334 2691 1335 2696 ¹

498 2835 584 2904 Forti
603 2835 696 2904 eorde
713 2833 808 2914 viros,
827 2841 859 2904 et
877 2842 922 2903 tot
940 2835 1120 2904 discrimina
1138 2853 1254 2924 passos.

497 2958 704 3048 Lanigerique
723 2957 829 3047 gregis
847 2957 1002 3027 submittit
1020 2977 1162 3048 corpora,
1181 2959 1314 3047 pingues

498 3081 697 3172 Gallinasque
716 3081 811 3162 addit,
832 3101 910 3172 quas
928 3080 990 3150 otia
1009 3081 1101 3172 longa
1119 3101 1176 3171 per
1194 3081 1285 3152 aedes

497 3204 690 3286 Nutrierant,
710 3205 841 3285 tructus
862 3225 941 3295 quos
958 3213 1100 3295 tempora
1117 3205 1197 3274 laeta
1216 3205 1365 3286 terebant,

497 3327 632 3420 Adjicit;
652 3339 819 3420 exsuperat
836 3331 1012 3419 praeseutia
1031 3331 1109 3400 dona
1127 3331 1280 3401 voluutas.

927 3689 1054 3752 Lxxvu

496 3950 621 4041 Excipit
638 3970 693 4020 ore
713 3950 804 4020 hilari
823 3951 960 4042 legatum
979 3960 1011 4021 et
1029 3971 1157 4022 munera
1175 3952 1298 4034 ductor,

496 4075 650 4168 Principis
669 4077 796 4146 exaudit
813 4077 994 4148 mollissima
1012 4077 1111 4160 diuta;
1131 4078 1263 4148 remittit

496 4200 650 4272 Continuo
668 4201 707 4272 ad
725 4202 844 4292 Regem
863 4221 918 4271 sua
937 4201 1027 4282 dona,
1047 4222 1087 4272 ex
1104 4211 1176 4271 ante
1193 4200 1309 4292 paratis

495 4327 615 4418 lugenti
633 4327 746 4408 studio,
766 4327 927 4418 flagrantis
944 4327 1074 4396 muricis
1091 4327 1191 4416 ignes,

492 4452 755 4543 Purpureumque
774 4451 880 4532 decus,
892 4453 1038 4542 pretiosa
1057 4451 1190 4532 ooraiiia,
1211 4471 1315 4522 ramos

495 4575 602 4644 Effusa
621 4576 652 4644 in
672 4583 797 4655 teretes,
817 4575 999 4645 mollissima
1017 4575 1120 4665 planta
1139 4575 1198 4645 sub
1215 4576 1319 4656 undis

495 4699 582 4782 Quae
600 4699 693 4768 viridi
710 4700 821 4790 pelago
839 4700 1007 4770 florescens
1024 4701 1176 4789 germine,
1195 4701 1330 4793 lymphis

496 4822 605 4912 lnoipit
623 4823 656 4891 iu
674 4822 784 4893 faeiem
801 4823 896 4914 rigidi
914 4824 1106 4915 lapidesoere
1125 4827 1201 4896 saxi.
