3384 5372
581 441 672 488 LIBER
692 441 825 489 DECIMUS

663 697 745 760 XXX

206 961 295 1030 Tunc
314 960 478 1029 bominum
494 979 621 1050 pugnax
640 967 671 1029 et
689 959 915 1030 confertissima
934 962 1038 1042 turba,

206 1085 294 1169 Quae
312 1084 463 1153 virtutem
482 1084 577 1153 animi
595 1083 626 1152 vi
644 1083 737 1152 bruta
755 1083 855 1166 elidit,
875 1093 906 1154 et
925 1106 1020 1155 aurae

205 1208 329 1277 Halitus
346 1209 501 1277 extinctus
518 1206 632 1287 subito,
654 1206 830 1297 tumidique
848 1208 966 1298 pericla

205 1333 378 1422 lmprovisa
394 1334 503 1413 marn,
523 1331 743 1420 conspiravere
761 1331 869 1402 lurore

204 1458 240 1527 ln
258 1457 347 1526 ducis
364 1457 511 1527 exitium:
532 1465 677 1526 veterum
696 1455 852 1526 celebrata
870 1467 1038 1548 resurgant

205 1581 331 1652 Robora
349 1581 432 1650 clara
451 1581 585 1651 ducum:
607 1581 728 1671 capient
746 1581 934 1651 documenta
953 1582 1066 1652 caloris

204 1705 369 1796 Belligeri;
390 1713 517 1776 cernent
536 1706 632 1775 alium
650 1725 843 1795 consurgere
861 1706 1025 1789 Scaevam,

205 1831 267 1914 Qui
286 1839 389 1902 servat
406 1830 531 1900 firmam
548 1832 684 1901 lacerato
703 1831 735 1898 in
754 1851 886 1922 corpore
904 1840 1055 1902 mentem.

654 2191 748 2280 nxrn

205 2454 371 2544 Discerpto
389 2452 520 2532 lemore,
538 2452 667 2542 impacti
686 2451 772 2543 quod
790 2452 929 2523 fulminis
947 2453 1029 2522 ictus

205 2577 377 2668 Sulphurei
395 2577 505 2658 secuit,
527 2576 646 2646 celeres
664 2579 830 2667 rapuitque
848 2595 906 2666 per
925 2597 1028 2658 auras

206 2702 337 2772 Brachia
356 2722 418 2771 non
436 2708 572 2790 torpent,
593 2721 651 2770 nec
668 2698 866 2771 formidabile
884 2699 984 2770 robur

205 2825 330 2896 Deserit
348 2834 403 2895 aut
419 2844 551 2915 magnae
569 2825 710 2894 lacerum
729 2823 902 2893 constantia
921 2813 1047 2904 mentis,

44 2944 48 2959 '
174 3003 178 3012 .
205 2949 344 3020 Vulnere
362 2949 539 3019 confossum
557 2948 715 3038 geminato
733 2947 797 3016 vita
815 2947 988 3036 relinquet:

204 3074 292 3144 Tunc
311 3075 412 3143 anima
429 3072 561 3163 insignis
578 3072 699 3142 virtute
717 3091 734 3142 e
753 3091 888 3161 corpore
906 3072 1007 3161 pulsat,

205 3199 408 3288 Edraotoque
427 3217 485 3267 suo
502 3197 645 3266 terrestri
665 3216 792 3266 carcere
811 3195 850 3265 ad
866 3195 943 3264 altas

205 3321 366 3394 Coelestes
384 3322 486 3404 sedes,
506 3320 579 3391 lelir
597 3321 774 3412 victrixque
791 3320 918 3390 volabit.

649 3680 755 3742 XXXll

204 3946 250 4015 lto
268 3946 371 4014 anima
389 3944 420 4012 in
438 3944 594 4034 requiem,
614 3943 752 4033 bellique
771 3943 917 4032 relinque
936 3943 1101 4024 tumultus

204 4071 302 4154 Queis
319 4077 354 4138 tu
371 4088 448 4160 pace
466 4067 528 4137 lrui
547 4067 704 4147 meruisti,
724 4074 756 4135 et
774 4065 843 4135 luce
862 4070 982 4146 serena,

204 4196 348 4284 Namque
365 4194 474 4264 oculos
491 4193 631 4263 lacerum
650 4191 734 4283 qnod
753 4210 787 4261 se
805 4191 911 4281 objicit
931 4199 1002 4260 aute
1021 4193 1155 4262 cadaver

203 4319 381 4389 Vindictam
401 4316 551 4399 stimulat,
572 4319 695 4408 genitor
715 4335 810 4405 quarn
827 4323 946 4406 poscet,
965 4315 1122 4385 acerbam.

205 4446 275 4515 lam
292 4443 369 4513 mihi
386 4450 557 4533 tempestas
574 4442 685 4532 procul
703 4442 794 4531 ignea
811 4440 959 4511 verberat
977 4461 1083 4523 aures,

206 4572 293 4655 Quae
310 4570 389 4640 leret
407 4568 540 4639 exitium
556 4587 720 4658 magnum,
740 4567 924 4657 clademque
943 4577 1117 4646 cruentam,

205 4693 394 4785 Sulphureis
412 4692 564 4782 sphaeris
584 4691 750 4762 tormentis
768 4691 908 4781 undique
927 4691 1057 4771 crebris

205 4819 290 4890 Diris
307 4818 506 4909 Cambajrtm,
526 4817 834 4908 ltlameluoorumque
853 4817 996 4886 catervis.
