3440 5392
583 393 673 440 LIBER
692 391 852 440 SECUNDUS

222 1035 365 1124 Effigies!
386 1035 546 1124 Superum
564 1034 717 1103 manifesti
736 1037 823 1124 signa
842 1033 968 1104 favoris!

222 1161 407 1250 Deteotique
426 1180 536 1230 areana
554 1160 628 1240 doli,
645 1160 823 1251 fraudisque
842 1169 980 1230 remotae

223 1285 366 1355 Insidiae!
387 1286 498 1355 Hostili
516 1305 605 1355 mens
623 1285 701 1355 dura
721 1293 752 1356 et
770 1285 889 1375 perfida
908 1286 1023 1376 gentisi

222 1409 340 1499 Ecquis
358 1411 417 1478 erit
435 1408 571 1490 tandem,
593 1409 646 1500 qui
665 1418 749 1479 certa
768 1408 908 1499 pericula
927 1411 1000 1480 solis

223 1534 351 1604 Viribus
368 1535 493 1624 ingenii,
513 1534 702 1625 fraudesque
719 1535 853 1605 evadere
870 1538 979 1626 possit,

222 1659 260 1729 Ni
279 1659 357 1728 ferat
376 1659 527 1729 auxilium
544 1659 648 1749 vigilis
667 1659 806 1728 custodia
825 1658 923 1740 Coeli,

172 1785 176 1794 '
222 1783 262 1852 Et
280 1783 406 1874 fragiles
424 1783 529 1854 firmet
547 1783 652 1854 divino
670 1785 798 1853 numine
817 1784 916 1855 riresf

669 2142 762 2205 XXXI

224 2405 311 2474 Clara
331 2405 416 2477 dedit
436 2404 623 2474 documenta
642 2404 698 2474 Dei
711 2405 759 2474 vis
777 2405 917 2494 provida,
939 2415 1052 2494 quanta

223 2529 379 2600 Portubus
396 2531 445 2600 his
462 2539 607 2599 maneant
625 2529 820 2612 discrimina;
841 2531 977 2600 vidimus
994 2531 1041 2601 ire

223 2657 318 2746 Spem
336 2677 483 2746 magnam
500 2658 532 2724 in
551 2665 670 2736 ventos
690 2655 799 2726 eeoidit
817 2656 931 2725 frduoia
949 2657 1044 2726 tantis

222 2781 311 2851 Victa
330 2781 421 2861 dolis,
440 2801 530 2851 mens
548 2781 667 2864 insidiis
687 2789 812 2850 onerata
831 2780 952 2850 fatiscit.

207 2905 285 2998 ,Sed
305 2905 452 2995 quoniam
470 2905 574 2974 minor
593 2914 639 2974 est
657 2912 780 2974 nostrae
798 2904 948 2994 sapientia
967 2905 1092 2984 mentis,

223 3029 387 3119 Neapolis
405 3029 542 3098 occultas
560 3027 715 3098 fallentem
734 3037 876 3098 avertere
894 3028 1031 3108 fraudes,

222 3151 271 3222 Ad
290 3162 322 3222 te
341 3152 548 3242 confugimus
569 3155 708 3242 supremi
727 3173 745 3222 o
765 3173 839 3222 cura
858 3153 1016 3232 Tonantis,

223 3276 291 3358 Qua
309 3277 377 3347 siue
395 3297 473 3346 vana
490 3276 653 3346 hominmu
671 3276 823 3358 custodia,
843 3297 923 3346 vana
941 3285 1090 3366 potestas.

661 3633 770 3696 XXXll

222 3897 313 3982 Quod
331 3897 357 3966 si
376 3905 458 3966 tanta
476 3896 573 3986 huius
588 3904 694 3966 moret
712 3895 903 3986 indrdgeutia
922 3895 1039 3975 classis,

222 4026 309 4109 Quae
327 4023 437 4114 procul
457 4043 474 4092 a
492 4023 592 4113 patria
609 4022 720 4102 uentis
741 4029 771 4090 et
789 4020 942 4090 lluotihus'
954 4027 1055 4100 errat;

221 4150 266 4221 Ut
284 4168 409 4218 memor
426 4151 494 4239 ipse
513 4157 586 4218 tuae
602 4167 728 4217 maneas
746 4147 879 4236 pietatis,
900 4154 932 4214 et
950 4154 1036 4215 astus

221 4274 374 4345 Providus
391 4283 527 4354 avertas
547 4273 710 4364 gentisque
728 4271 851 4341 infanda
868 4269 1023 4360 malignae

222 4397 356 4468 Consilia
375 4398 492 4480 eludas,
511 4398 576 4488 iam
594 4418 678 4466 nune
696 4397 855 4486 appellere
874 4404 999 4484 portum

223 4524 268 4594 Da
287 4533 403 4604 tutum,
423 4533 454 4593 et
471 4524 595 4615 placido
613 4544 708 4593 naves
726 4524 758 4590 in
776 4517 882 4591 littore
900 4521 991 4603 siste;

223 4649 360 4720 Cernere
377 4649 427 4720 vel
447 4651 595 4738 permitte
613 4649 712 4719 oeulis
731 4667 809 4738 quas
827 4647 1009 4736 quaerimus
1027 4665 1109 4726 oraS,

223 4773 267 4842 Te
286 4776 435 4864 quoniam
455 4782 586 4864 propter
604 4781 726 4843 tantum
744 4773 839 4842 maris
857 4791 975 4861 aequor
994 4789 1131 4840 aramus.
